%% This BibTeX bibliography file was created using BibDesk.
%% http://bibdesk.sourceforge.net/

%% Created for Mark Madsen at 2016-04-07 12:19:20 -0700 


%% Saved with string encoding Unicode (UTF-8) 



@article{Kandler20150905,
	Abstract = {Cultural change can be quantified by temporal changes in frequency of different cultural artefacts and it is a central question to identify what underlying cultural transmission processes could have caused the observed frequency changes. Observed changes, however, often describe the dynamics in samples of the population of artefacts, whereas transmission processes act on the whole population. Here we develop a modelling framework aimed at addressing this inference problem. To do so, we firstly generate population structures from which the observed sample could have been drawn randomly and then determine theoretical samples at a later time t2 produced under the assumption that changes in frequencies are caused by a specific transmission process. Thereby we also account for the potential effect of time-averaging processes in the generation of the observed sample. Subsequent statistical comparisons (e.g. using Bayesian inference) of the theoretical and observed samples at t2 can establish which processes could have produced the observed frequency data. In this way, we infer underlying transmission processes directly from available data without any equilibrium assumption. We apply this framework to a dataset describing pottery from settlements of some of the first farmers in Europe (the LBK culture) and conclude that the observed frequency dynamic of different types of decorated pottery is consistent with age-dependent selection, a preference for {\textquoteleft}young{\textquoteright} pottery types which is potentially indicative of fashion trends.},
	Author = {Kandler, Anne and Shennan, Stephen},
	Date-Added = {2016-01-07 17:50:56 +0000},
	Date-Modified = {2016-01-07 17:50:56 +0000},
	Doi = {10.1098/rsif.2015.0905},
	Issn = {1742-5689},
	Journal = {Journal of The Royal Society Interface},
	Number = {113},
	Publisher = {The Royal Society},
	Title = {A generative inference framework for analysing patterns of cultural change in sparse population data with evidence for fashion trends in LBK culture},
	Volume = {12},
	Year = {2015},
	Bdsk-Url-1 = {http://dx.doi.org/10.1098/rsif.2015.0905}}

@article{Csillery2010,
	Author = {Csill{\'e}ry, Katalin and Blum, Michael G B and Gaggiotti, Oscar E and Fran{\c c}ois, Olivier},
	Date-Added = {2016-01-07 17:47:55 +0000},
	Date-Modified = {2016-01-07 17:47:55 +0000},
	Doi = {10.1016/j.tree.2010.04.001},
	File = {{20276840-CB09-481F-A5AD-D8AA34EA5091.pdf:/Users/mark/Dropbox/Library.papers3/Files/20/20276840-CB09-481F-A5AD-D8AA34EA5091.pdf:application/pdf;20276840-CB09-481F-A5AD-D8AA34EA5091.pdf:/Users/mark/Dropbox/Library.papers3/Files/20/20276840-CB09-481F-A5AD-D8AA34EA5091.pdf:application/pdf}},
	Journal = {Trends in Ecology {\&} Evolution},
	Language = {English},
	Local-Url = {file://localhost/Users/mark/Dropbox/Library.papers3/Files/20/20276840-CB09-481F-A5AD-D8AA34EA5091.pdf},
	Month = jul,
	Number = {7},
	Owner = {mark},
	Pages = {410--418},
	Rating = {0},
	Read = {Yes},
	Timestamp = {2015.10.26},
	Title = {{Approximate Bayesian Computation (ABC) in practice}},
	Uri = {\url{papers3://publication/doi/10.1016/j.tree.2010.04.001}},
	Url = {http://linkinghub.elsevier.com/retrieve/pii/S0169534710000662},
	Volume = {25},
	Year = {2010},
	Bdsk-File-1 = {YnBsaXN0MDDUAQIDBAUGJCVYJHZlcnNpb25YJG9iamVjdHNZJGFyY2hpdmVyVCR0b3ASAAGGoKgHCBMUFRYaIVUkbnVsbNMJCgsMDxJXTlMua2V5c1pOUy5vYmplY3RzViRjbGFzc6INDoACgAOiEBGABIAFgAdccmVsYXRpdmVQYXRoWWFsaWFzRGF0YV8QUC4uLy4uLy4uLy4uLy4uL0xpYnJhcnkucGFwZXJzMy9GaWxlcy8yMC8yMDI3Njg0MC1DQjA5LTQ4MUYtQTVBRC1EOEFBMzRFQTUwOTEucGRm0hcLGBlXTlMuZGF0YU8RAg4AAAAAAg4AAgAADE1hY2ludG9zaCBIRAAAAAAAAAAAAAAAAAAAANKFLzVIKwAAAAq+Ix8yMDI3Njg0MC1DQjA5LTQ4MUYtQSMxNjE4QTQucGRmAAAAAAAAAAAAAAAAAAAAAAAAAAAAAAAAAAAAAAAAAAAAFhikz/9w5gAAAAAAAAAAAAUABAAACSAAAAAAAAAAAAAAAAAAAAACMjAAEAAIAADShZ+1AAAAEQAIAADP/9NWAAAAAQAYAAq+IwAKqA0ACp/aAAqMfgAJZO8ABizwAAIAXk1hY2ludG9zaCBIRDpVc2VyczoAbWFyazoARHJvcGJveDoATGlicmFyeS5wYXBlcnMzOgBGaWxlczoAMjA6ADIwMjc2ODQwLUNCMDktNDgxRi1BIzE2MThBNC5wZGYADgBSACgAMgAwADIANwA2ADgANAAwAC0AQwBCADAAOQAtADQAOAAxAEYALQBBADUAQQBEAC0ARAA4AEEAQQAzADQARQBBADUAMAA5ADEALgBwAGQAZgAPABoADABNAGEAYwBpAG4AdABvAHMAaAAgAEgARAASAFRVc2Vycy9tYXJrL0Ryb3Bib3gvTGlicmFyeS5wYXBlcnMzL0ZpbGVzLzIwLzIwMjc2ODQwLUNCMDktNDgxRi1BNUFELUQ4QUEzNEVBNTA5MS5wZGYAEwABLwAAFQACAAv//wAAgAbSGxwdHlokY2xhc3NuYW1lWCRjbGFzc2VzXU5TTXV0YWJsZURhdGGjHR8gVk5TRGF0YVhOU09iamVjdNIbHCIjXE5TRGljdGlvbmFyeaIiIF8QD05TS2V5ZWRBcmNoaXZlctEmJ1Ryb290gAEACAARABoAIwAtADIANwBAAEYATQBVAGAAZwBqAGwAbgBxAHMAdQB3AIQAjgDhAOYA7gMAAwIDBwMSAxsDKQMtAzQDPQNCA08DUgNkA2cDbAAAAAAAAAIBAAAAAAAAACgAAAAAAAAAAAAAAAAAAANu},
	Bdsk-Url-1 = {http://linkinghub.elsevier.com/retrieve/pii/S0169534710000662},
	Bdsk-Url-2 = {http://dx.doi.org/10.1016/j.tree.2010.04.001}}

@article{Beaumont2010,
	Abstract = {... 7. APPLICATIONS OF APPROXIMATE BAYESIAN COMPUTATION. 8. CONCLUSIONS:
	THE FUTURE OF APPROXIMATE BAYESIAN COMPUTATION. ... Beaumont et al.
	... 1. Given observation y, repeat the following until M points have
	been generated: a. Draw $\theta$ i $\pi$($\theta$). ... },
	Author = {Beaumont, Mark A},
	Date-Added = {2016-01-07 17:47:55 +0000},
	Date-Modified = {2016-01-07 17:47:55 +0000},
	File = {{FE12DC82-D964-4967-BB24-BEBBF86068A0.pdf:/Users/mark/Dropbox/Library.papers3/PDFs/FE12DC82-D964-4967-BB24-BEBBF86068A0.pdf:application/pdf}},
	Journal = {Annual Review of Ecology},
	Local-Url = {file://localhost/Users/mark/Dropbox/Library.papers3/PDFs/FE12DC82-D964-4967-BB24-BEBBF86068A0.pdf},
	Owner = {mark},
	Rating = {0},
	Timestamp = {2015.10.26},
	Title = {{Approximate Bayesian computation in evolution and ecology}},
	Uri = {\url{papers3://publication/uuid/FE12DC82-D964-4967-BB24-BEBBF86068A0}},
	Url = {http://www.annualreviews.org/doi/abs/10.1146/annurev-ecolsys-102209-144621},
	Year = {2010},
	Bdsk-File-1 = {YnBsaXN0MDDUAQIDBAUGJCVYJHZlcnNpb25YJG9iamVjdHNZJGFyY2hpdmVyVCR0b3ASAAGGoKgHCBMUFRYaIVUkbnVsbNMJCgsMDxJXTlMua2V5c1pOUy5vYmplY3RzViRjbGFzc6INDoACgAOiEBGABIAFgAdccmVsYXRpdmVQYXRoWWFsaWFzRGF0YV8QTC4uLy4uLy4uLy4uLy4uL0xpYnJhcnkucGFwZXJzMy9QREZzL0ZFMTJEQzgyLUQ5NjQtNDk2Ny1CQjI0LUJFQkJGODYwNjhBMC5wZGbSFwsYGVdOUy5kYXRhTxECBAAAAAACBAACAAAMTWFjaW50b3NoIEhEAAAAAAAAAAAAAAAAAAAA0oUvNUgrAAAACqREH0ZFMTJEQzgyLUQ5NjQtNDk2Ny1CIzEyODAyOC5wZGYAAAAAAAAAAAAAAAAAAAAAAAAAAAAAAAAAAAAAAAAAAAASgCjNW3BqAAAAAAAAAAAABQADAAAJIAAAAAAAAAAAAAAAAAAAAARQREZzABAACAAA0oWftQAAABEACAAAzVvg6gAAAAEAFAAKpEQACp/aAAqMfgAJZO8ABizwAAIAWU1hY2ludG9zaCBIRDpVc2VyczoAbWFyazoARHJvcGJveDoATGlicmFyeS5wYXBlcnMzOgBQREZzOgBGRTEyREM4Mi1EOTY0LTQ5NjctQiMxMjgwMjgucGRmAAAOAFIAKABGAEUAMQAyAEQAQwA4ADIALQBEADkANgA0AC0ANAA5ADYANwAtAEIAQgAyADQALQBCAEUAQgBCAEYAOAA2ADAANgA4AEEAMAAuAHAAZABmAA8AGgAMAE0AYQBjAGkAbgB0AG8AcwBoACAASABEABIAUFVzZXJzL21hcmsvRHJvcGJveC9MaWJyYXJ5LnBhcGVyczMvUERGcy9GRTEyREM4Mi1EOTY0LTQ5NjctQkIyNC1CRUJCRjg2MDY4QTAucGRmABMAAS8AABUAAgAL//8AAIAG0hscHR5aJGNsYXNzbmFtZVgkY2xhc3Nlc11OU011dGFibGVEYXRhox0fIFZOU0RhdGFYTlNPYmplY3TSGxwiI1xOU0RpY3Rpb25hcnmiIiBfEA9OU0tleWVkQXJjaGl2ZXLRJidUcm9vdIABAAgAEQAaACMALQAyADcAQABGAE0AVQBgAGcAagBsAG4AcQBzAHUAdwCEAI4A3QDiAOoC8gL0AvkDBAMNAxsDHwMmAy8DNANBA0QDVgNZA14AAAAAAAACAQAAAAAAAAAoAAAAAAAAAAAAAAAAAAADYA==},
	Bdsk-Url-1 = {http://www.annualreviews.org/doi/abs/10.1146/annurev-ecolsys-102209-144621}}

@article{Beaumont2002,
	Abstract = {... Corresponding author: Mark A. Beaumont , Whiteknights, PO Box
	228, Reading RG6 6AJ, UK., ma beaumont {at}reading.ac.uk (E-mail
	... In steps 1{\textendash}6 we have simulated independent pairs
	($\varphi$ i , s i ), i = 1, 2, {\textperiodcentered} {\textperiodcentered}
	{\textperiodcentered} , m , where each $\varphi$ i is an independent
	draw from the prior distribution for ... },
	Author = {Beaumont, Mark A and Zhang, W and Balding, D J},
	Date-Added = {2016-01-07 17:47:55 +0000},
	Date-Modified = {2016-01-07 17:47:55 +0000},
	File = {{26A16862-44DB-446D-A72E-F22FBF17E543.pdf:/Users/mark/Dropbox/Library.papers3/PDFs/26A16862-44DB-446D-A72E-F22FBF17E543.pdf:application/pdf}},
	Journal = {Genetics},
	Local-Url = {file://localhost/Users/mark/Dropbox/Library.papers3/PDFs/26A16862-44DB-446D-A72E-F22FBF17E543.pdf},
	Owner = {mark},
	Rating = {0},
	Timestamp = {2015.10.26},
	Title = {{Approximate Bayesian computation in population genetics}},
	Uri = {\url{papers3://publication/uuid/26A16862-44DB-446D-A72E-F22FBF17E543}},
	Url = {http://www.genetics.org/content/162/4/2025.short},
	Year = {2002},
	Bdsk-File-1 = {YnBsaXN0MDDUAQIDBAUGJCVYJHZlcnNpb25YJG9iamVjdHNZJGFyY2hpdmVyVCR0b3ASAAGGoKgHCBMUFRYaIVUkbnVsbNMJCgsMDxJXTlMua2V5c1pOUy5vYmplY3RzViRjbGFzc6INDoACgAOiEBGABIAFgAdccmVsYXRpdmVQYXRoWWFsaWFzRGF0YV8QTC4uLy4uLy4uLy4uLy4uL0xpYnJhcnkucGFwZXJzMy9QREZzLzI2QTE2ODYyLTQ0REItNDQ2RC1BNzJFLUYyMkZCRjE3RTU0My5wZGbSFwsYGVdOUy5kYXRhTxECBAAAAAACBAACAAAMTWFjaW50b3NoIEhEAAAAAAAAAAAAAAAAAAAA0oUvNUgrAAAACqREHzI2QTE2ODYyLTQ0REItNDQ2RC1BIzEyODBDRS5wZGYAAAAAAAAAAAAAAAAAAAAAAAAAAAAAAAAAAAAAAAAAAAASgM7NW3BqAAAAAAAAAAAABQADAAAJIAAAAAAAAAAAAAAAAAAAAARQREZzABAACAAA0oWftQAAABEACAAAzVvg6gAAAAEAFAAKpEQACp/aAAqMfgAJZO8ABizwAAIAWU1hY2ludG9zaCBIRDpVc2VyczoAbWFyazoARHJvcGJveDoATGlicmFyeS5wYXBlcnMzOgBQREZzOgAyNkExNjg2Mi00NERCLTQ0NkQtQSMxMjgwQ0UucGRmAAAOAFIAKAAyADYAQQAxADYAOAA2ADIALQA0ADQARABCAC0ANAA0ADYARAAtAEEANwAyAEUALQBGADIAMgBGAEIARgAxADcARQA1ADQAMwAuAHAAZABmAA8AGgAMAE0AYQBjAGkAbgB0AG8AcwBoACAASABEABIAUFVzZXJzL21hcmsvRHJvcGJveC9MaWJyYXJ5LnBhcGVyczMvUERGcy8yNkExNjg2Mi00NERCLTQ0NkQtQTcyRS1GMjJGQkYxN0U1NDMucGRmABMAAS8AABUAAgAL//8AAIAG0hscHR5aJGNsYXNzbmFtZVgkY2xhc3Nlc11OU011dGFibGVEYXRhox0fIFZOU0RhdGFYTlNPYmplY3TSGxwiI1xOU0RpY3Rpb25hcnmiIiBfEA9OU0tleWVkQXJjaGl2ZXLRJidUcm9vdIABAAgAEQAaACMALQAyADcAQABGAE0AVQBgAGcAagBsAG4AcQBzAHUAdwCEAI4A3QDiAOoC8gL0AvkDBAMNAxsDHwMmAy8DNANBA0QDVgNZA14AAAAAAAACAQAAAAAAAAAoAAAAAAAAAAAAAAAAAAADYA==},
	Bdsk-Url-1 = {http://www.genetics.org/content/162/4/2025.short}}

@article{Toni2009,
	Abstract = {Approximate Bayesian computation (ABC) methods can be used to evaluate
	posterior distributions without having to calculate likelihoods.
	In this paper, we discuss and apply an ABC method based on sequential
	Monte Carlo (SMC) to estimate parameters of dynamical models. We
	show that ABC SMC provides information about the inferability of
	parameters and model sensitivity to changes in parameters, and tends
	to perform better than other ABC approaches. The algorithm is applied
	to several well-known biological systems, for which parameters and
	their credible intervals are inferred. Moreover, we develop ABC SMC
	as a tool for model selection; given a range of different mathematical
	descriptions, ABC SMC is able to choose the best model using the
	standard Bayesian model selection apparatus.},
	Affiliation = {Centre for Bioinformatics, Division of Molecular Biosciences, Imperial College London, London SW7 2AZ, UK. ttoni@imperial.ac.uk},
	Author = {Toni, Tina and Welch, David and Strelkowa, Natalja and Ipsen, Andreas and Stumpf, Michael P H},
	Date-Added = {2016-01-07 17:47:55 +0000},
	Date-Modified = {2016-01-07 17:47:55 +0000},
	Doi = {10.1098/rsif.2008.0172},
	File = {{E30E0722-8B8F-45BF-A8C6-9AE4CF44B364.pdf:/Users/mark/Dropbox/Library.papers3/Files/E3/E30E0722-8B8F-45BF-A8C6-9AE4CF44B364.pdf:application/pdf;E30E0722-8B8F-45BF-A8C6-9AE4CF44B364.pdf:/Users/mark/Dropbox/Library.papers3/Files/E3/E30E0722-8B8F-45BF-A8C6-9AE4CF44B364.pdf:application/pdf}},
	Journal = {Journal of Royal Society Interface},
	Language = {English},
	Local-Url = {file://localhost/Users/mark/Dropbox/Library.papers3/Files/E3/E30E0722-8B8F-45BF-A8C6-9AE4CF44B364.pdf},
	Month = feb,
	Number = {31},
	Owner = {mark},
	Pages = {187--202},
	Pmcid = {PMC2658655},
	Pmid = {19205079},
	Publisher = {The Royal Society},
	Rating = {0},
	Read = {Yes},
	Timestamp = {2015.10.26},
	Title = {{Approximate Bayesian computation scheme for parameter inference and model selection in dynamical systems.}},
	Uri = {\url{papers3://publication/doi/10.1098/rsif.2008.0172}},
	Url = {http://rsif.royalsocietypublishing.org.offcampus.lib.washington.edu/content/6/31/187.full},
	Volume = {6},
	Year = {2009},
	Bdsk-File-1 = {YnBsaXN0MDDUAQIDBAUGJCVYJHZlcnNpb25YJG9iamVjdHNZJGFyY2hpdmVyVCR0b3ASAAGGoKgHCBMUFRYaIVUkbnVsbNMJCgsMDxJXTlMua2V5c1pOUy5vYmplY3RzViRjbGFzc6INDoACgAOiEBGABIAFgAdccmVsYXRpdmVQYXRoWWFsaWFzRGF0YV8QUC4uLy4uLy4uLy4uLy4uL0xpYnJhcnkucGFwZXJzMy9GaWxlcy9FMy9FMzBFMDcyMi04QjhGLTQ1QkYtQThDNi05QUU0Q0Y0NEIzNjQucGRm0hcLGBlXTlMuZGF0YU8RAg4AAAAAAg4AAgAADE1hY2ludG9zaCBIRAAAAAAAAAAAAAAAAAAAANKFLzVIKwAAAArAeR9FMzBFMDcyMi04QjhGLTQ1QkYtQSMxNjE4QUYucGRmAAAAAAAAAAAAAAAAAAAAAAAAAAAAAAAAAAAAAAAAAAAAFhiv0A44EAAAAAAAAAAAAAUABAAACSAAAAAAAAAAAAAAAAAAAAACRTMAEAAIAADShZ+1AAAAEQAIAADQDpqAAAAAAQAYAArAeQAKqA0ACp/aAAqMfgAJZO8ABizwAAIAXk1hY2ludG9zaCBIRDpVc2VyczoAbWFyazoARHJvcGJveDoATGlicmFyeS5wYXBlcnMzOgBGaWxlczoARTM6AEUzMEUwNzIyLThCOEYtNDVCRi1BIzE2MThBRi5wZGYADgBSACgARQAzADAARQAwADcAMgAyAC0AOABCADgARgAtADQANQBCAEYALQBBADgAQwA2AC0AOQBBAEUANABDAEYANAA0AEIAMwA2ADQALgBwAGQAZgAPABoADABNAGEAYwBpAG4AdABvAHMAaAAgAEgARAASAFRVc2Vycy9tYXJrL0Ryb3Bib3gvTGlicmFyeS5wYXBlcnMzL0ZpbGVzL0UzL0UzMEUwNzIyLThCOEYtNDVCRi1BOEM2LTlBRTRDRjQ0QjM2NC5wZGYAEwABLwAAFQACAAv//wAAgAbSGxwdHlokY2xhc3NuYW1lWCRjbGFzc2VzXU5TTXV0YWJsZURhdGGjHR8gVk5TRGF0YVhOU09iamVjdNIbHCIjXE5TRGljdGlvbmFyeaIiIF8QD05TS2V5ZWRBcmNoaXZlctEmJ1Ryb290gAEACAARABoAIwAtADIANwBAAEYATQBVAGAAZwBqAGwAbgBxAHMAdQB3AIQAjgDhAOYA7gMAAwIDBwMSAxsDKQMtAzQDPQNCA08DUgNkA2cDbAAAAAAAAAIBAAAAAAAAACgAAAAAAAAAAAAAAAAAAANu},
	Bdsk-Url-1 = {http://rsif.royalsocietypublishing.org.offcampus.lib.washington.edu/content/6/31/187.full},
	Bdsk-Url-2 = {http://dx.doi.org/10.1098/rsif.2008.0172}}

@article{Marin2012,
	Author = {Marin, Jean-Michel and Pudlo, Pierre and Robert, Christian P and Ryder, Robin J},
	Date-Added = {2016-01-07 17:47:55 +0000},
	Date-Modified = {2016-01-07 17:47:55 +0000},
	Journal = {Statistics and Computing},
	Number = {6},
	Owner = {mark},
	Pages = {1167--1180},
	Publisher = {Springer},
	Timestamp = {2015.10.26},
	Title = {Approximate Bayesian computational methods},
	Volume = {22},
	Year = {2012}}

@article{Robinson2013,
	Author = {Robinson, John D and Hall, David W and Wares, John P},
	Date-Added = {2016-01-07 17:47:55 +0000},
	Date-Modified = {2016-01-07 17:47:55 +0000},
	Doi = {10.1111/mec.12283},
	File = {{00DD03FC-4266-4BC5-ADA8-5BCDF35DB853.pdf:/Users/mark/Dropbox/Library.papers3/Files/00/00DD03FC-4266-4BC5-ADA8-5BCDF35DB853.pdf:application/pdf;00DD03FC-4266-4BC5-ADA8-5BCDF35DB853.pdf:/Users/mark/Dropbox/Library.papers3/Files/00/00DD03FC-4266-4BC5-ADA8-5BCDF35DB853.pdf:application/pdf}},
	Journal = {Molecular Ecology},
	Language = {English},
	Local-Url = {file://localhost/Users/mark/Dropbox/Library.papers3/Files/00/00DD03FC-4266-4BC5-ADA8-5BCDF35DB853.pdf},
	Month = may,
	Number = {10},
	Owner = {mark},
	Pages = {2627--2639},
	Rating = {0},
	Read = {Yes},
	Timestamp = {2015.10.26},
	Title = {{Approximate Bayesian estimation of extinction rate in the Finnish Daphnia magna metapopulation}},
	Uri = {\url{papers3://publication/doi/10.1111/mec.12283}},
	Url = {http://onlinelibrary.wiley.com.offcampus.lib.washington.edu/doi/10.1111/mec.12283/full},
	Volume = {22},
	Year = {2013},
	Bdsk-File-1 = {YnBsaXN0MDDUAQIDBAUGJCVYJHZlcnNpb25YJG9iamVjdHNZJGFyY2hpdmVyVCR0b3ASAAGGoKgHCBMUFRYaIVUkbnVsbNMJCgsMDxJXTlMua2V5c1pOUy5vYmplY3RzViRjbGFzc6INDoACgAOiEBGABIAFgAdccmVsYXRpdmVQYXRoWWFsaWFzRGF0YV8QUC4uLy4uLy4uLy4uLy4uL0xpYnJhcnkucGFwZXJzMy9GaWxlcy8wMC8wMEREMDNGQy00MjY2LTRCQzUtQURBOC01QkNERjM1REI4NTMucGRm0hcLGBlXTlMuZGF0YU8RAg4AAAAAAg4AAgAADE1hY2ludG9zaCBIRAAAAAAAAAAAAAAAAAAAANKFLzVIKwAAAAq/rx8wMEREMDNGQy00MjY2LTRCQzUtQSMxNjE4RDkucGRmAAAAAAAAAAAAAAAAAAAAAAAAAAAAAAAAAAAAAAAAAAAAFhjZ0BXaUwAAAAAAAAAAAAUABAAACSAAAAAAAAAAAAAAAAAAAAACMDAAEAAIAADShZ+1AAAAEQAIAADQFjzDAAAAAQAYAAq/rwAKqA0ACp/aAAqMfgAJZO8ABizwAAIAXk1hY2ludG9zaCBIRDpVc2VyczoAbWFyazoARHJvcGJveDoATGlicmFyeS5wYXBlcnMzOgBGaWxlczoAMDA6ADAwREQwM0ZDLTQyNjYtNEJDNS1BIzE2MThEOS5wZGYADgBSACgAMAAwAEQARAAwADMARgBDAC0ANAAyADYANgAtADQAQgBDADUALQBBAEQAQQA4AC0ANQBCAEMARABGADMANQBEAEIAOAA1ADMALgBwAGQAZgAPABoADABNAGEAYwBpAG4AdABvAHMAaAAgAEgARAASAFRVc2Vycy9tYXJrL0Ryb3Bib3gvTGlicmFyeS5wYXBlcnMzL0ZpbGVzLzAwLzAwREQwM0ZDLTQyNjYtNEJDNS1BREE4LTVCQ0RGMzVEQjg1My5wZGYAEwABLwAAFQACAAv//wAAgAbSGxwdHlokY2xhc3NuYW1lWCRjbGFzc2VzXU5TTXV0YWJsZURhdGGjHR8gVk5TRGF0YVhOU09iamVjdNIbHCIjXE5TRGljdGlvbmFyeaIiIF8QD05TS2V5ZWRBcmNoaXZlctEmJ1Ryb290gAEACAARABoAIwAtADIANwBAAEYATQBVAGAAZwBqAGwAbgBxAHMAdQB3AIQAjgDhAOYA7gMAAwIDBwMSAxsDKQMtAzQDPQNCA08DUgNkA2cDbAAAAAAAAAIBAAAAAAAAACgAAAAAAAAAAAAAAAAAAANu},
	Bdsk-Url-1 = {http://onlinelibrary.wiley.com.offcampus.lib.washington.edu/doi/10.1111/mec.12283/full},
	Bdsk-Url-2 = {http://dx.doi.org/10.1111/mec.12283}}

@article{Hamilton2005,
	Abstract = {Approximate Bayesian computation (ABC) is a highly flexible technique
	that allows the estimation of parameters under demographic models
	that are too complex to be handled by full-likelihood methods. We
	assess the utility of this method to estimate the parameters of range
	expansion in a two-dimensional stepping-stone model, using samples
	from either a single deme or multiple demes. A minor modification
	to the ABC procedure is introduced, which leads to an improvement
	in the accuracy of estimation. The method is then used to estimate
	the expansion time and migration rates for five natural common vole
	populations in Switzerland typed for a sex-linked marker and a nuclear
	marker. Estimates based on both markers suggest that expansion occurred
	<10,000 years ago, after the most recent glaciation, and that migration
	rates are strongly male biased.},
	Author = {Hamilton, Grant G and Currat, Mathias M and Ray, Nicolas N and Heckel, Gerald G and Beaumont, Mark M and Excoffier, Laurent L},
	Date-Added = {2016-01-07 17:47:55 +0000},
	Date-Modified = {2016-01-07 17:47:55 +0000},
	Doi = {10.1534/genetics.104.034199},
	File = {{Genetics_2005_Hamilton.pdf:/Users/mark/Dropbox/Library.papers3/2005/Hamilton/Genetics_2005_Hamilton.pdf:application/pdf}},
	Journal = {Genetics},
	Language = {English},
	Local-Url = {file://localhost/Users/mark/Dropbox/Library.papers3/2005/Hamilton/Genetics_2005_Hamilton.pdf},
	Month = may,
	Number = {1},
	Owner = {mark},
	Pages = {409--417},
	Rating = {0},
	Read = {Yes},
	Timestamp = {2015.10.26},
	Title = {{Bayesian estimation of recent migration rates after a spatial expansion.}},
	Uri = {\url{papers3://publication/doi/10.1534/genetics.104.034199}},
	Url = {http://www.genetics.org.offcampus.lib.washington.edu/content/170/1/409.short},
	Volume = {170},
	Year = {2005},
	Bdsk-File-1 = {YnBsaXN0MDDUAQIDBAUGJCVYJHZlcnNpb25YJG9iamVjdHNZJGFyY2hpdmVyVCR0b3ASAAGGoKgHCBMUFRYaIVUkbnVsbNMJCgsMDxJXTlMua2V5c1pOUy5vYmplY3RzViRjbGFzc6INDoACgAOiEBGABIAFgAdccmVsYXRpdmVQYXRoWWFsaWFzRGF0YV8QRy4uLy4uLy4uLy4uLy4uL0xpYnJhcnkucGFwZXJzMy8yMDA1L0hhbWlsdG9uL0dlbmV0aWNzXzIwMDVfSGFtaWx0b24ucGRm0hcLGBlXTlMuZGF0YU8RAfAAAAAAAfAAAgAADE1hY2ludG9zaCBIRAAAAAAAAAAAAAAAAAAAANKFLzVIKwAAAArgLRpHZW5ldGljc18yMDA1X0hhbWlsdG9uLnBkZgAAAAAAAAAAAAAAAAAAAAAAAAAAAAAAAAAAAAAAAAAAAAAAAAAAEMLHzV8TfQAAAAAAAAAAAAUABAAACSAAAAAAAAAAAAAAAAAAAAAISGFtaWx0b24AEAAIAADShZ+1AAAAEQAIAADNX4P9AAAAAQAYAArgLQAKpBYACp/aAAqMfgAJZO8ABizwAAIAXk1hY2ludG9zaCBIRDpVc2VyczoAbWFyazoARHJvcGJveDoATGlicmFyeS5wYXBlcnMzOgAyMDA1OgBIYW1pbHRvbjoAR2VuZXRpY3NfMjAwNV9IYW1pbHRvbi5wZGYADgA2ABoARwBlAG4AZQB0AGkAYwBzAF8AMgAwADAANQBfAEgAYQBtAGkAbAB0AG8AbgAuAHAAZABmAA8AGgAMAE0AYQBjAGkAbgB0AG8AcwBoACAASABEABIAS1VzZXJzL21hcmsvRHJvcGJveC9MaWJyYXJ5LnBhcGVyczMvMjAwNS9IYW1pbHRvbi9HZW5ldGljc18yMDA1X0hhbWlsdG9uLnBkZgAAEwABLwAAFQACAAv//wAAgAbSGxwdHlokY2xhc3NuYW1lWCRjbGFzc2VzXU5TTXV0YWJsZURhdGGjHR8gVk5TRGF0YVhOU09iamVjdNIbHCIjXE5TRGljdGlvbmFyeaIiIF8QD05TS2V5ZWRBcmNoaXZlctEmJ1Ryb290gAEACAARABoAIwAtADIANwBAAEYATQBVAGAAZwBqAGwAbgBxAHMAdQB3AIQAjgDYAN0A5QLZAtsC4ALrAvQDAgMGAw0DFgMbAygDKwM9A0ADRQAAAAAAAAIBAAAAAAAAACgAAAAAAAAAAAAAAAAAAANH},
	Bdsk-Url-1 = {http://www.genetics.org.offcampus.lib.washington.edu/content/170/1/409.short},
	Bdsk-Url-2 = {http://dx.doi.org/10.1534/genetics.104.034199}}

@other{Sottoriva2010,
	Author = {Sottoriva, Andrea and Tavare, S},
	Date-Added = {2016-01-07 17:47:55 +0000},
	Date-Modified = {2016-01-07 17:47:55 +0000},
	File = {{Sottoriva.pdf:/Users/mark/Dropbox/Library.papers3/Unknown/Sottoriva/Sottoriva.pdf:application/pdf}},
	Local-Url = {file://localhost/Users/mark/Dropbox/Library.papers3/Unknown/Sottoriva/Sottoriva.pdf},
	Owner = {mark},
	Rating = {0},
	Read = {Yes},
	Timestamp = {2015.10.26},
	Title = {{Integrating Approximate Bayesian Computation with Complex Agent-Based Models for Cancer Research}},
	Uri = {\url{papers3://publication/uuid/146B02F5-1A00-4846-B6F6-F0114A346135}},
	Url = {http://www.cmb.usc.edu/people/stavare/STpapers-pdf/AT10.pdf},
	Year = {2010},
	Bdsk-File-1 = {YnBsaXN0MDDUAQIDBAUGJCVYJHZlcnNpb25YJG9iamVjdHNZJGFyY2hpdmVyVCR0b3ASAAGGoKgHCBMUFRYaIVUkbnVsbNMJCgsMDxJXTlMua2V5c1pOUy5vYmplY3RzViRjbGFzc6INDoACgAOiEBGABIAFgAdccmVsYXRpdmVQYXRoWWFsaWFzRGF0YV8QPi4uLy4uLy4uLy4uLy4uL0xpYnJhcnkucGFwZXJzMy9Vbmtub3duL1NvdHRvcml2YS9Tb3R0b3JpdmEucGRm0hcLGBlXTlMuZGF0YU8RAcYAAAAAAcYAAgAADE1hY2ludG9zaCBIRAAAAAAAAAAAAAAAAAAAANKFLzVIKwAAAArt7A1Tb3R0b3JpdmEucGRmAAAAAAAAAAAAAAAAAAAAAAAAAAAAAAAAAAAAAAAAAAAAAAAAAAAAAAAAAAAAAAAAAAAADzDyzV8TfQAAAAAAAAAAAAUABAAACSAAAAAAAAAAAAAAAAAAAAAJU290dG9yaXZhAAAQAAgAANKFn7UAAAARAAgAAM1fg/0AAAABABgACu3sAAq4YQAKn9oACox+AAlk7wAGLPAAAgBVTWFjaW50b3NoIEhEOlVzZXJzOgBtYXJrOgBEcm9wYm94OgBMaWJyYXJ5LnBhcGVyczM6AFVua25vd246AFNvdHRvcml2YToAU290dG9yaXZhLnBkZgAADgAcAA0AUwBvAHQAdABvAHIAaQB2AGEALgBwAGQAZgAPABoADABNAGEAYwBpAG4AdABvAHMAaAAgAEgARAASAEJVc2Vycy9tYXJrL0Ryb3Bib3gvTGlicmFyeS5wYXBlcnMzL1Vua25vd24vU290dG9yaXZhL1NvdHRvcml2YS5wZGYAEwABLwAAFQACAAv//wAAgAbSGxwdHlokY2xhc3NuYW1lWCRjbGFzc2VzXU5TTXV0YWJsZURhdGGjHR8gVk5TRGF0YVhOU09iamVjdNIbHCIjXE5TRGljdGlvbmFyeaIiIF8QD05TS2V5ZWRBcmNoaXZlctEmJ1Ryb290gAEACAARABoAIwAtADIANwBAAEYATQBVAGAAZwBqAGwAbgBxAHMAdQB3AIQAjgDPANQA3AKmAqgCrQK4AsECzwLTAtoC4wLoAvUC+AMKAw0DEgAAAAAAAAIBAAAAAAAAACgAAAAAAAAAAAAAAAAAAAMU},
	Bdsk-Url-1 = {http://www.cmb.usc.edu/people/stavare/STpapers-pdf/AT10.pdf}}

@article{Myers2008,
	Author = {Myers, S. and Fefferman, C. and Patterson, N.},
	Date-Added = {2016-01-03 23:28:24 +0000},
	Date-Modified = {2016-01-03 23:28:24 +0000},
	Issn = {0040-5809},
	Journal = {Theoretical population biology},
	Number = {3},
	Pages = {342--348},
	Publisher = {Elsevier},
	Title = {Can one learn history from the allelic spectrum?},
	Volume = {73},
	Year = {2008}}

@article{richerson2008response,
	Author = {Richerson, Peter J and Boyd, Robert},
	Date-Added = {2016-01-03 22:52:34 +0000},
	Date-Modified = {2016-01-03 22:52:34 +0000},
	Journal = {Biology \& Philosophy},
	Number = {2},
	Pages = {301--315},
	Publisher = {Springer},
	Title = {Response to our critics},
	Volume = {23},
	Year = {2008}}

@article{shalizi2011homophily,
	Author = {Shalizi, Cosma Rohilla and Thomas, Andrew C},
	Date-Added = {2015-12-31 19:10:16 +0000},
	Date-Modified = {2015-12-31 19:10:16 +0000},
	Journal = {Sociological methods \& research},
	Number = {2},
	Pages = {211--239},
	Publisher = {Sage Publications},
	Title = {Homophily and contagion are generically confounded in observational social network studies},
	Volume = {40},
	Year = {2011}}

@article{Shennan2011,
	Author = {Shennan, S.},
	Date-Added = {2015-12-29 18:43:22 +0000},
	Date-Modified = {2015-12-29 18:43:22 +0000},
	Journal = {Philosophical Transactions of the Royal Society B: Biological Sciences},
	Number = {1567},
	Pages = {1070--1079},
	Publisher = {The Royal Society},
	Title = {Descent with modification and the archaeological record},
	Volume = {366},
	Year = {2011}}

@article{henrich2011fiji,
	Author = {Henrich, J. and Broesch, J.},
	Date-Added = {2015-12-29 18:39:14 +0000},
	Date-Modified = {2015-12-29 18:40:46 +0000},
	Journal = {Philosophical Transactions of the Royal Society B: Biological Sciences},
	Pages = {139--148},
	Title = {On the nature of cultural transmission networks: evidence from Fijian villages for adaptive learning biases},
	Volume = {366},
	Year = {2011}}

@article{Fernandez-Delgado:2014:WNH:2627435.2697065,
	Acmid = {2697065},
	Author = {Fern\'{a}ndez-Delgado, Manuel and Cernadas, Eva and Barro, Sen{\'e}n and Amorim, Dinani},
	Date-Added = {2015-07-30 21:02:40 +0000},
	Date-Modified = {2015-07-30 21:02:40 +0000},
	Issn = {1532-4435},
	Issue_Date = {January 2014},
	Journal = {J. Mach. Learn. Res.},
	Keywords = {Bayesian classifiers, UCI data base, classification, decision trees, discriminant analysis, ensembles, generalized linear models, logistic and multinomial regression, multiple adaptive regression splines, nearest-neighbors, neural networks, partial least squares and principal component regression, random forest, rule-based classifiers, support vector machine},
	Month = jan,
	Number = {1},
	Numpages = {49},
	Pages = {3133--3181},
	Publisher = {JMLR.org},
	Title = {Do We Need Hundreds of Classifiers to Solve Real World Classification Problems?},
	Url = {http://dl.acm.org/citation.cfm?id=2627435.2697065},
	Volume = {15},
	Year = {2014},
	Bdsk-Url-1 = {http://dl.acm.org/citation.cfm?id=2627435.2697065}}

@article{Neiman:1995p23690,
	Abstract = {INFERENCES FROM DECORATIVE DIVERSITY AND INTERASSEMBLAGE DISTANCE IN ILLINOIS WOODLAND CERAMIC ASSEMBLAGES  Certain aspects of what archaeologists have traditionally called stylistic variation can be understood as the result of },
	Author = {F Neiman},
	Date-Added = {2015-07-30 19:41:54 +0000},
	Date-Modified = {2015-07-30 19:41:54 +0000},
	Journal = {American Antiquity},
	Local-Url = {file://localhost/Users/mark/Documents/Papers/1995/Neiman/Neiman1995%20American%20Antiquity%20Stylistic%20variation%20in%20evolutionary%20perspective.pdf},
	Month = {Jan},
	Pmid = {4554279650159543151related:b8OMUzYNND8J},
	Rating = {0},
	Title = {Stylistic variation in evolutionary perspective: Inferences from decorative diversity and {\ldots}},
	Uri = {papers://71F98059-1C2C-4D09-BE03-F4C0AB3F4A06/Paper/p23690},
	Url = {http://www.jstor.org/stable/282074},
	Year = {1995},
	Bdsk-File-1 = {YnBsaXN0MDDUAQIDBAUGJCVYJHZlcnNpb25YJG9iamVjdHNZJGFyY2hpdmVyVCR0b3ASAAGGoKgHCBMUFRYaIVUkbnVsbNMJCgsMDxJXTlMua2V5c1pOUy5vYmplY3RzViRjbGFzc6INDoACgAOiEBGABIAFgAdccmVsYXRpdmVQYXRoWWFsaWFzRGF0YV8Qji4uLy4uLy4uLy4uLy4uLy4uLy4uL1VzZXJzL21hcmsvRG9jdW1lbnRzL1BhcGVycy8xOTk1L05laW1hbi9OZWltYW4xOTk1IEFtZXJpY2FuIEFudGlxdWl0eSBTdHlsaXN0aWMgdmFyaWF0aW9uIGluIGV2b2x1dGlvbmFyeSBwZXJzcGVjdGl2ZS5wZGbSFwsYGVdOUy5kYXRhTxECgAAAAAACgAACAAAMTWFjaW50b3NoIEhEAAAAAAAAAAAAAAAAAAAAxbMf+EgrAAAArgngH05laW1hbjE5OTUgQW1lcmljYW4gI0FFMDlFMS5wZGYAAAAAAAAAAAAAAAAAAAAAAAAAAAAAAAAAAAAAAAAAAACuCeHG82x+AAAAAAAAAAD/////AAAJIAAAAAAAAAAAAAAAAAAAAAZOZWltYW4AEAAIAADFs5B4AAAAEQAIAADG887uAAAAAQAYAK4J4AALo+0AC6O/AAtRIQAKjJgAAH0NAAIAVE1hY2ludG9zaCBIRDpVc2VyczptYXJrOkRvY3VtZW50czpQYXBlcnM6MTk5NTpOZWltYW46TmVpbWFuMTk5NSBBbWVyaWNhbiAjQUUwOUUxLnBkZgAOAKQAUQBOAGUAaQBtAGEAbgAxADkAOQA1ACAAQQBtAGUAcgBpAGMAYQBuACAAQQBuAHQAaQBxAHUAaQB0AHkAIABTAHQAeQBsAGkAcwB0AGkAYwAgAHYAYQByAGkAYQB0AGkAbwBuACAAaQBuACAAZQB2AG8AbAB1AHQAaQBvAG4AYQByAHkAIABwAGUAcgBzAHAAZQBjAHQAaQB2AGUALgBwAGQAZgAPABoADABNAGEAYwBpAG4AdABvAHMAaAAgAEgARAASAHlVc2Vycy9tYXJrL0RvY3VtZW50cy9QYXBlcnMvMTk5NS9OZWltYW4vTmVpbWFuMTk5NSBBbWVyaWNhbiBBbnRpcXVpdHkgU3R5bGlzdGljIHZhcmlhdGlvbiBpbiBldm9sdXRpb25hcnkgcGVyc3BlY3RpdmUucGRmAAATAAEvAAAVAAIAC///AACABtIbHB0eWiRjbGFzc25hbWVYJGNsYXNzZXNdTlNNdXRhYmxlRGF0YaMdHyBWTlNEYXRhWE5TT2JqZWN00hscIiNcTlNEaWN0aW9uYXJ5oiIgXxAPTlNLZXllZEFyY2hpdmVy0SYnVHJvb3SAAQAIABEAGgAjAC0AMgA3AEAARgBNAFUAYABnAGoAbABuAHEAcwB1AHcAhACOAR8BJAEsA7ADsgO3A8IDywPZA90D5APtA/ID/wQCBBQEFwQcAAAAAAAAAgEAAAAAAAAAKAAAAAAAAAAAAAAAAAAABB4=},
	Bdsk-Url-1 = {http://www.jstor.org/stable/282074}}

@article{Lewontin1970,
	Author = {Lewontin, Richard C.},
	Date-Added = {2015-07-30 16:48:46 +0000},
	Date-Modified = {2015-07-30 16:48:46 +0000},
	Journal = {Annual Reviews of Ecology and Systematics},
	Pages = {1-18},
	Title = {The Units of Selection},
	Volume = {1},
	Year = {1970}}

@incollection{Madsen2015SemanticAxelrod,
	Author = {Madsen, Mark E. and Lipo, Carl P.},
	Booktitle = {Learning Strategies and Cultural Evolution during the Palaeolithic},
	Date-Added = {2015-07-28 21:59:30 +0000},
	Date-Modified = {2015-07-28 21:59:30 +0000},
	Doi = {10.1007/978-4-431-55363-2_6},
	Editor = {Mesoudi, Alex and Aoki, Kenichi},
	Isbn = {978-4-431-55362-5},
	Keywords = {Structured trait model; Axelrod model; Unbiased transmission; Knowledge prerequisites; Cumulative cultural transmission},
	Language = {English},
	Pages = {67-83},
	Publisher = {Springer Japan},
	Series = {Replacement of Neanderthals by Modern Humans Series},
	Title = {Behavioral Modernity and the Cultural Transmission of Structured Information: The Semantic Axelrod Model},
	Url = {http://notebook.madsenlab.org/files/madsenlipo2015-semanticaxelrod.pdf},
	Year = {2015},
	Bdsk-Url-1 = {http://dx.doi.org/10.1007/978-4-431-55363-2_6}}

@incollection{aoki2013determinants,
	Author = {Aoki, Kenichi},
	Booktitle = {Dynamics of Learning in Neanderthals and Modern Humans Volume 1},
	Date-Added = {2015-07-28 21:58:41 +0000},
	Date-Modified = {2015-07-28 21:58:41 +0000},
	Pages = {199--210},
	Publisher = {Springer},
	Title = {Determinants of cultural evolutionary rates},
	Year = {2013}}

@article{aoki2015modeling,
	Author = {Aoki, Kenichi},
	Date-Added = {2015-07-28 21:58:12 +0000},
	Date-Modified = {2015-07-28 21:58:12 +0000},
	Journal = {Theoretical population biology},
	Pages = {6--12},
	Publisher = {Elsevier},
	Title = {Modeling abrupt cultural regime shifts during the Palaeolithic and Stone Age},
	Volume = {100},
	Year = {2015}}

@article{mesoudi2015learning,
	Author = {Mesoudi, Alex and Aoki, Kenichi},
	Date-Added = {2015-07-28 21:57:54 +0000},
	Date-Modified = {2015-07-28 21:57:54 +0000},
	Journal = {Replacement of Neanderthals by Modern Humans Series},
	Publisher = {Springer},
	Title = {Learning Strategies and Cultural Evolution during the Palaeolithic},
	Year = {2015}}

@book{boyd2005origin,
	Author = {Boyd, R. and Richerson, P.J.},
	Booktitle = {The origin and evolution of cultures},
	Date-Added = {2015-07-28 21:48:31 +0000},
	Date-Modified = {2015-07-28 21:48:31 +0000},
	Isbn = {0195165241},
	Publisher = {Oxford University Press, USA},
	Title = {The origin and evolution of cultures},
	Year = {2005}}

@article{Henrich:2001p5229,
	Abstract = {* Two other explanations for cooperation go by the handles by-product mutualism (Brown, 1983) and group selec- tion (Sober {\&} Wilson, 1998). In by-production mutualism, individuals who {\&}{\&}cooperate'' get a higher payo! (have a higher },
	Author = {J Henrich and R BOYD},
	Date-Added = {2015-07-28 21:48:31 +0000},
	Date-Modified = {2015-07-28 21:48:31 +0000},
	Journal = {Journal of Theoretical Biology},
	Local-Url = {file://localhost/Users/mark/Documents/Papers/2001/Henrich/Henrich2001%20Journal%20of%20Theoretical%20Biology%20Why%20People%20Punish%20Defectors%20Weak.pdf},
	Month = {Jan},
	Pmid = {8010285508235533222related:ppvWuzpAKm8J},
	Rating = {0},
	Read = {Yes},
	Title = {Why People Punish Defectors Weak Conformist Transmission can Stabilize Costly Enforcement of Norms {\ldots}},
	Uri = {papers://71F98059-1C2C-4D09-BE03-F4C0AB3F4A06/Paper/p5229},
	Url = {http://linkinghub.elsevier.com/retrieve/pii/S0022519300922021},
	Year = {2001},
	Bdsk-File-1 = {YnBsaXN0MDDUAQIDBAUGJCVYJHZlcnNpb25YJG9iamVjdHNZJGFyY2hpdmVyVCR0b3ASAAGGoKgHCBMUFRYaIVUkbnVsbNMJCgsMDxJXTlMua2V5c1pOUy5vYmplY3RzViRjbGFzc6INDoACgAOiEBGABIAFgAdccmVsYXRpdmVQYXRoWWFsaWFzRGF0YV8QjS4uLy4uLy4uLy4uLy4uLy4uLy4uL1VzZXJzL21hcmsvRG9jdW1lbnRzL1BhcGVycy8yMDAxL0hlbnJpY2gvSGVucmljaDIwMDEgSm91cm5hbCBvZiBUaGVvcmV0aWNhbCBCaW9sb2d5IFdoeSBQZW9wbGUgUHVuaXNoIERlZmVjdG9ycyBXZWFrLnBkZtIXCxgZV05TLmRhdGFPEQJ+AAAAAAJ+AAIAAAxNYWNpbnRvc2ggSEQAAAAAAAAAAAAAAAAAAADFsx/4SCsAAAALpQgfSGVucmljaDIwMDEgSm91cm5hbCBvI0JBNTA5LnBkZgAAAAAAAAAAAAAAAAAAAAAAAAAAAAAAAAAAAAAAAAAAAAulCcPw7HEAAAAAAAAAAP////8AAAkgAAAAAAAAAAAAAAAAAAAAB0hlbnJpY2gAABAACAAAxbOQeAAAABEACAAAw/Fc8QAAAAEAGAALpQgAC6UAAAujvwALUSEACoyYAAB9DQACAFVNYWNpbnRvc2ggSEQ6VXNlcnM6bWFyazpEb2N1bWVudHM6UGFwZXJzOjIwMDE6SGVucmljaDpIZW5yaWNoMjAwMSBKb3VybmFsIG8jQkE1MDkucGRmAAAOAKAATwBIAGUAbgByAGkAYwBoADIAMAAwADEAIABKAG8AdQByAG4AYQBsACAAbwBmACAAVABoAGUAbwByAGUAdABpAGMAYQBsACAAQgBpAG8AbABvAGcAeQAgAFcAaAB5ACAAUABlAG8AcABsAGUAIABQAHUAbgBpAHMAaAAgAEQAZQBmAGUAYwB0AG8AcgBzACAAVwBlAGEAawAuAHAAZABmAA8AGgAMAE0AYQBjAGkAbgB0AG8AcwBoACAASABEABIAeFVzZXJzL21hcmsvRG9jdW1lbnRzL1BhcGVycy8yMDAxL0hlbnJpY2gvSGVucmljaDIwMDEgSm91cm5hbCBvZiBUaGVvcmV0aWNhbCBCaW9sb2d5IFdoeSBQZW9wbGUgUHVuaXNoIERlZmVjdG9ycyBXZWFrLnBkZgATAAEvAAAVAAIAC///AACABtIbHB0eWiRjbGFzc25hbWVYJGNsYXNzZXNdTlNNdXRhYmxlRGF0YaMdHyBWTlNEYXRhWE5TT2JqZWN00hscIiNcTlNEaWN0aW9uYXJ5oiIgXxAPTlNLZXllZEFyY2hpdmVy0SYnVHJvb3SAAQAIABEAGgAjAC0AMgA3AEAARgBNAFUAYABnAGoAbABuAHEAcwB1AHcAhACOAR4BIwErA60DrwO0A78DyAPWA9oD4QPqA+8D/AP/BBEEFAQZAAAAAAAAAgEAAAAAAAAAKAAAAAAAAAAAAAAAAAAABBs=},
	Bdsk-Url-1 = {http://linkinghub.elsevier.com/retrieve/pii/S0022519300922021}}

@article{8897,
	Author = {Henrich, J. and Gil-White, F.J.},
	Date-Added = {2015-07-28 21:48:31 +0000},
	Date-Modified = {2015-07-28 21:48:31 +0000},
	Journal = {Evolution and Human Behavior},
	Pages = {165-196},
	Title = {The evolution of prestige: freely conferred deference as a mechanism for enhancing the benefits of cultural transmission.},
	Volume = {22},
	Year = {2001}}

@article{laland1996developing,
	Author = {Laland, K.N. and Richerson, P.J. and Boyd, R.},
	Date-Added = {2015-07-28 21:48:31 +0000},
	Date-Modified = {2015-07-28 21:48:31 +0000},
	Isbn = {0122739655},
	Publisher = {Academic Press},
	Title = {Developing a theory of animal social learning.},
	Year = {1996}}

@article{laland2004social,
	Author = {Laland, Kevin N},
	Date-Added = {2015-07-28 21:48:31 +0000},
	Date-Modified = {2015-07-28 21:48:31 +0000},
	Journal = {Animal Learning \& Behavior},
	Number = {1},
	Pages = {4--14},
	Publisher = {Springer},
	Title = {Social learning strategies},
	Volume = {32},
	Year = {2004}}

@article{8895,
	Author = {Mesoudi, A. and Whiten, A. and Dunbar, R.I.M.},
	Date-Added = {2015-07-28 21:48:31 +0000},
	Date-Modified = {2015-07-28 21:48:31 +0000},
	Journal = {British Journal of Psychology},
	Title = {A social bias in human cultural transmission},
	Volume = {in press},
	Year = {i.p.}}

@book{white1949science,
	Author = {White, Leslie A},
	Date-Added = {2015-07-28 20:18:36 +0000},
	Date-Modified = {2015-07-30 18:17:06 +0000},
	Publisher = {Farrar, Straus},
	Title = {The science of culture, a study of man and civilization.},
	Year = {1949}}

@book{tylor1874primitive,
	Author = {Tylor, Edward Burnett},
	Date-Added = {2015-07-28 20:17:47 +0000},
	Date-Modified = {2015-07-28 20:17:53 +0000},
	Publisher = {H. Holt},
	Title = {Primitive culture: Researches into the development of mythology, philosophy, religion, language, art and customs},
	Volume = {1},
	Year = {1871}}

@book{morgan1877ancient,
	Author = {Morgan, Lewis Henry},
	Date-Added = {2015-07-28 20:17:08 +0000},
	Date-Modified = {2015-07-28 20:17:08 +0000},
	Publisher = {H. Holt},
	Title = {Ancient society; or, researches in the lines of human progress from savagery, through barbarism to civilization},
	Year = {1877}}

@article{dunnell1980evolutionary,
	Author = {Dunnell, R.C.},
	Date-Added = {2015-07-28 20:14:12 +0000},
	Date-Modified = {2015-07-28 20:14:12 +0000},
	Journal = {Advances in archaeological method and theory},
	Pages = {35--99},
	Publisher = {JSTOR},
	Title = {Evolutionary theory and archaeology},
	Volume = {3},
	Year = {1980}}

@book{laland2011sense,
	Author = {Laland, K.N. and Brown, G.R.},
	Date-Added = {2015-07-28 20:14:12 +0000},
	Date-Modified = {2015-07-28 20:14:12 +0000},
	Publisher = {Oxford Univ Pr},
	Title = {Sense and nonsense: Evolutionary perspectives on human behaviour},
	Year = {2011}}

@article{8893,
	Author = {Mesoudi, Alex and Whiten, Andrew and Laland, Kevin N},
	Date-Added = {2015-07-28 20:14:12 +0000},
	Date-Modified = {2015-07-28 20:14:12 +0000},
	Journal = {Evolutionary Anthropology},
	Number = {1},
	Pages = {1-11},
	Title = {Perspective: Is human cultural evolution Darwinian? Evidence reviewed from the perspective of The Origin of Species},
	Volume = {58},
	Year = {2004}}

@article{Mesoudi:2007,
	Author = {Mesoudi, Alex},
	Date-Added = {2015-07-28 20:14:12 +0000},
	Date-Modified = {2015-07-28 20:14:12 +0000},
	Doi = {10.1162/biot.2007.2.3.263},
	Eprint = {http://www.mitpressjournals.org/doi/pdf/10.1162/biot.2007.2.3.263},
	Journal = {Biological Theory},
	Number = {3},
	Pages = {263-275},
	Title = {A Darwinian Theory of Cultural Evolution Can Promote an Evolutionary Synthesis for the Social Sciences},
	Url = {http://www.mitpressjournals.org/doi/abs/10.1162/biot.2007.2.3.263},
	Volume = {2},
	Year = {2007},
	Bdsk-Url-1 = {http://www.mitpressjournals.org/doi/abs/10.1162/biot.2007.2.3.263},
	Bdsk-Url-2 = {http://dx.doi.org/10.1162/biot.2007.2.3.263}}

@book{o2000applying,
	Author = {O'Brien, M.J. and Lyman, R.L.},
	Booktitle = {Applying evolutionary archaeology: A systematic approach},
	Date-Added = {2015-07-28 20:14:12 +0000},
	Date-Modified = {2015-07-28 20:14:12 +0000},
	Publisher = {Plenum Pub Corp},
	Title = {Applying evolutionary archaeology: A systematic approach},
	Year = {2000}}

@article{Mesoudi2015Cultural-Evolut,
	Author = {Mesoudi, Alex},
	Date-Added = {2015-07-28 20:11:15 +0000},
	Date-Modified = {2015-07-28 20:11:17 +0000},
	Doi = {10.1007/s11692-015-9320-0},
	Issn = {0071-3260},
	Journal = {Evolutionary Biology},
	Keywords = {Cultural evolution; Cultural transmission; Cumulative culture; Demography; Human evolution; Social learning},
	Language = {English},
	Pages = {1-17},
	Publisher = {Springer US},
	Title = {Cultural Evolution: A Review of Theory, Findings and Controversies},
	Url = {http://dx.doi.org/10.1007/s11692-015-9320-0},
	Year = {2015},
	Bdsk-Url-1 = {http://dx.doi.org/10.1007/s11692-015-9320-0}}

@article{ridgeway1999state,
	Author = {Ridgeway, Greg},
	Date-Added = {2015-04-25 17:09:58 +0000},
	Date-Modified = {2015-04-25 17:09:58 +0000},
	Journal = {Computing Science and Statistics},
	Pages = {172--181},
	Publisher = {Citeseer},
	Title = {The state of boosting},
	Year = {1999}}

@article{grayson1998,
	Author = {Grayson, D.K. and F. Delpech},
	Date-Added = {2015-04-24 22:02:52 +0000},
	Date-Modified = {2015-04-24 22:02:52 +0000},
	Journal = {Journal of Archaeological Science},
	Pages = {1119-1129},
	Title = {Changing diet breadth in the early Upper Paleolithic of southwestern France},
	Volume = {25},
	Year = {1998}}

@article{lyman2003influence,
	Author = {Lyman, R.L.},
	Date-Added = {2015-04-24 22:02:52 +0000},
	Date-Modified = {2015-04-24 22:02:52 +0000},
	Journal = {Journal of Archaeological Science},
	Number = {5},
	Pages = {595--610},
	Publisher = {Elsevier},
	Title = {The influence of time averaging and space averaging on the application of foraging theory in zooarchaeology},
	Volume = {30},
	Year = {2003}}

@article{scholnick2012spatial,
	Author = {Scholnick, Jonathan B},
	Date-Added = {2015-04-24 21:54:00 +0000},
	Date-Modified = {2015-04-24 21:54:00 +0000},
	Journal = {Advances in Complex Systems},
	Number = {01n02},
	Publisher = {World Scientific},
	Title = {The spatial and temporal diffusion of stylistic innovations in material culture},
	Volume = {15},
	Year = {2012}}

@article{fu1993statistical,
	Author = {Fu, Yun-Xin and Li, Wen-Hsiung},
	Date-Added = {2015-04-23 20:54:22 +0000},
	Date-Modified = {2015-04-23 20:54:22 +0000},
	Journal = {Genetics},
	Number = {3},
	Pages = {693--709},
	Publisher = {Genetics Soc America},
	Title = {Statistical tests of neutrality of mutations.},
	Volume = {133},
	Year = {1993}}

@article{tajima1989statistical,
	Author = {Tajima, Fumio},
	Date-Added = {2015-04-23 20:54:09 +0000},
	Date-Modified = {2015-04-23 20:54:09 +0000},
	Journal = {Genetics},
	Number = {3},
	Pages = {585--595},
	Publisher = {Genetics Soc America},
	Title = {Statistical method for testing the neutral mutation hypothesis by DNA polymorphism.},
	Volume = {123},
	Year = {1989}}

@article{Evans:2011vm,
	Author = {Evans, T S and Giometto, A},
	Date-Added = {2015-01-15 22:45:14 +0000},
	Date-Modified = {2015-01-15 22:45:14 +0000},
	Journal = {arXiv.org},
	Title = {Turnover Rate of Popularity Charts in Neutral Models},
	Volume = {http://arxiv.org/abs/1105.4044},
	Year = {2011}}

@unpublished{wilderkandler2015,
	Author = {Wilder, Bryan and Anne Kandler},
	Date-Added = {2015-01-15 22:25:27 +0000},
	Date-Modified = {2015-04-11 17:50:51 +0000},
	Note = {Forthcoming},
	Title = {Inference of cultural transmission modes based on incomplete information},
	Year = {2015}}

@book{altman1991practical,
	Author = {Altman, Douglas G},
	Date-Added = {2015-01-07 01:09:50 +0000},
	Date-Modified = {2015-01-07 01:09:50 +0000},
	Publisher = {CRC Press},
	Title = {Practical statistics for medical research},
	Year = {1991}}

@article{Kim:2009im,
	Author = {Kim, Ji-Hyun},
	Date-Added = {2014-12-21 20:48:28 +0000},
	Date-Modified = {2014-12-21 20:48:28 +0000},
	Doi = {10.1016/j.csda.2009.04.009},
	File = {{74FBBC3C-301F-4038-AA34-017F6C18365C.pdf:/Users/mark/Dropbox/Library.papers3/Files/74/74FBBC3C-301F-4038-AA34-017F6C18365C.pdf:application/pdf;74FBBC3C-301F-4038-AA34-017F6C18365C.pdf:/Users/mark/Dropbox/Library.papers3/Files/74/74FBBC3C-301F-4038-AA34-017F6C18365C.pdf:application/pdf}},
	Journal = {Computational Statistics {\&} Data Analysis},
	Language = {English},
	Local-Url = {file://localhost/Users/mark/Dropbox/Library.papers3/Files/74/74FBBC3C-301F-4038-AA34-017F6C18365C.pdf},
	Month = sep,
	Number = {11},
	Pages = {3735--3745},
	Rating = {0},
	Read = {Yes},
	Title = {{Estimating classification error rate: Repeated cross-validation, repeated hold-out and bootstrap}},
	Uri = {\url{papers3://publication/doi/10.1016/j.csda.2009.04.009}},
	Url = {http://linkinghub.elsevier.com/retrieve/pii/S0167947309001601},
	Volume = {53},
	Year = {2009},
	Bdsk-File-1 = {YnBsaXN0MDDUAQIDBAUGJCVYJHZlcnNpb25YJG9iamVjdHNZJGFyY2hpdmVyVCR0b3ASAAGGoKgHCBMUFRYaIVUkbnVsbNMJCgsMDxJXTlMua2V5c1pOUy5vYmplY3RzViRjbGFzc6INDoACgAOiEBGABIAFgAdccmVsYXRpdmVQYXRoWWFsaWFzRGF0YV8QUC4uLy4uLy4uLy4uLy4uL0xpYnJhcnkucGFwZXJzMy9GaWxlcy83NC83NEZCQkMzQy0zMDFGLTQwMzgtQUEzNC0wMTdGNkMxODM2NUMucGRm0hcLGBlXTlMuZGF0YU8RAg4AAAAAAg4AAgAADE1hY2ludG9zaCBIRAAAAAAAAAAAAAAAAAAAANKFLzVIKwAAAArBex83NEZCQkMzQy0zMDFGLTQwMzgtQSMxNjFDMUYucGRmAAAAAAAAAAAAAAAAAAAAAAAAAAAAAAAAAAAAAAAAAAAAFhwf0JW70gAAAAAAAAAAAAUABAAACSAAAAAAAAAAAAAAAAAAAAACNzQAEAAIAADShZ+1AAAAEQAIAADQlixSAAAAAQAYAArBewAKqA0ACp/aAAqMfgAJZO8ABizwAAIAXk1hY2ludG9zaCBIRDpVc2VyczoAbWFyazoARHJvcGJveDoATGlicmFyeS5wYXBlcnMzOgBGaWxlczoANzQ6ADc0RkJCQzNDLTMwMUYtNDAzOC1BIzE2MUMxRi5wZGYADgBSACgANwA0AEYAQgBCAEMAMwBDAC0AMwAwADEARgAtADQAMAAzADgALQBBAEEAMwA0AC0AMAAxADcARgA2AEMAMQA4ADMANgA1AEMALgBwAGQAZgAPABoADABNAGEAYwBpAG4AdABvAHMAaAAgAEgARAASAFRVc2Vycy9tYXJrL0Ryb3Bib3gvTGlicmFyeS5wYXBlcnMzL0ZpbGVzLzc0Lzc0RkJCQzNDLTMwMUYtNDAzOC1BQTM0LTAxN0Y2QzE4MzY1Qy5wZGYAEwABLwAAFQACAAv//wAAgAbSGxwdHlokY2xhc3NuYW1lWCRjbGFzc2VzXU5TTXV0YWJsZURhdGGjHR8gVk5TRGF0YVhOU09iamVjdNIbHCIjXE5TRGljdGlvbmFyeaIiIF8QD05TS2V5ZWRBcmNoaXZlctEmJ1Ryb290gAEACAARABoAIwAtADIANwBAAEYATQBVAGAAZwBqAGwAbgBxAHMAdQB3AIQAjgDhAOYA7gMAAwIDBwMSAxsDKQMtAzQDPQNCA08DUgNkA2cDbAAAAAAAAAIBAAAAAAAAACgAAAAAAAAAAAAAAAAAAANu},
	Bdsk-Url-1 = {http://linkinghub.elsevier.com/retrieve/pii/S0167947309001601},
	Bdsk-Url-2 = {http://dx.doi.org/10.1016/j.csda.2009.04.009}}

@article{friedman2001greedy,
	Author = {Friedman, Jerome H},
	Date-Added = {2014-12-21 20:44:21 +0000},
	Date-Modified = {2014-12-21 20:44:21 +0000},
	Journal = {Annals of Statistics},
	Pages = {1189--1232},
	Publisher = {JSTOR},
	Title = {Greedy function approximation: a gradient boosting machine},
	Year = {2001}}

@article{Friedman:2000vq,
	Author = {Friedman, Jerome and Hastie, Trevor and Tibshirani, Robert},
	Date-Added = {2014-12-21 20:43:38 +0000},
	Date-Modified = {2014-12-21 20:43:38 +0000},
	File = {{21695E64-0D5B-434A-AB4A-74C68AC3DB77.pdf:/Users/mark/Dropbox/Library.papers3/Files/21/21695E64-0D5B-434A-AB4A-74C68AC3DB77.pdf:application/pdf;21695E64-0D5B-434A-AB4A-74C68AC3DB77.pdf:/Users/mark/Dropbox/Library.papers3/Files/21/21695E64-0D5B-434A-AB4A-74C68AC3DB77.pdf:application/pdf}},
	Journal = {The Annals of Statistics},
	Language = {English},
	Local-Url = {file://localhost/Users/mark/Dropbox/Library.papers3/Files/21/21695E64-0D5B-434A-AB4A-74C68AC3DB77.pdf},
	Month = apr,
	Number = {2},
	Pages = {337--407},
	Publisher = {Institute of Mathematical Statistics},
	Rating = {0},
	Read = {Yes},
	Title = {{Additive logistic regression: a statistical view of boosting (With discussion and a rejoinder by the authors)}},
	Uri = {\url{papers3://publication/uuid/E40BEF89-0EBB-4756-9FD2-C68EDF4E7370}},
	Url = {http://projecteuclid.org/euclid.aos/1016218223},
	Volume = {28},
	Year = {2000},
	Bdsk-File-1 = {YnBsaXN0MDDUAQIDBAUGJCVYJHZlcnNpb25YJG9iamVjdHNZJGFyY2hpdmVyVCR0b3ASAAGGoKgHCBMUFRYaIVUkbnVsbNMJCgsMDxJXTlMua2V5c1pOUy5vYmplY3RzViRjbGFzc6INDoACgAOiEBGABIAFgAdccmVsYXRpdmVQYXRoWWFsaWFzRGF0YV8QUC4uLy4uLy4uLy4uLy4uL0xpYnJhcnkucGFwZXJzMy9GaWxlcy8yMS8yMTY5NUU2NC0wRDVCLTQzNEEtQUI0QS03NEM2OEFDM0RCNzcucGRm0hcLGBlXTlMuZGF0YU8RAg4AAAAAAg4AAgAADE1hY2ludG9zaCBIRAAAAAAAAAAAAAAAAAAAANKFLzVIKwAAAAq+4R8yMTY5NUU2NC0wRDVCLTQzNEEtQSMxNjFDNDMucGRmAAAAAAAAAAAAAAAAAAAAAAAAAAAAAAAAAAAAAAAAAAAAFhxD0JiokwAAAAAAAAAAAAUABAAACSAAAAAAAAAAAAAAAAAAAAACMjEAEAAIAADShZ+1AAAAEQAIAADQmRkTAAAAAQAYAAq+4QAKqA0ACp/aAAqMfgAJZO8ABizwAAIAXk1hY2ludG9zaCBIRDpVc2VyczoAbWFyazoARHJvcGJveDoATGlicmFyeS5wYXBlcnMzOgBGaWxlczoAMjE6ADIxNjk1RTY0LTBENUItNDM0QS1BIzE2MUM0My5wZGYADgBSACgAMgAxADYAOQA1AEUANgA0AC0AMABEADUAQgAtADQAMwA0AEEALQBBAEIANABBAC0ANwA0AEMANgA4AEEAQwAzAEQAQgA3ADcALgBwAGQAZgAPABoADABNAGEAYwBpAG4AdABvAHMAaAAgAEgARAASAFRVc2Vycy9tYXJrL0Ryb3Bib3gvTGlicmFyeS5wYXBlcnMzL0ZpbGVzLzIxLzIxNjk1RTY0LTBENUItNDM0QS1BQjRBLTc0QzY4QUMzREI3Ny5wZGYAEwABLwAAFQACAAv//wAAgAbSGxwdHlokY2xhc3NuYW1lWCRjbGFzc2VzXU5TTXV0YWJsZURhdGGjHR8gVk5TRGF0YVhOU09iamVjdNIbHCIjXE5TRGljdGlvbmFyeaIiIF8QD05TS2V5ZWRBcmNoaXZlctEmJ1Ryb290gAEACAARABoAIwAtADIANwBAAEYATQBVAGAAZwBqAGwAbgBxAHMAdQB3AIQAjgDhAOYA7gMAAwIDBwMSAxsDKQMtAzQDPQNCA08DUgNkA2cDbAAAAAAAAAIBAAAAAAAAACgAAAAAAAAAAAAAAAAAAANu},
	Bdsk-Url-1 = {http://projecteuclid.org/euclid.aos/1016218223}}

@article{slatkin1996correction,
	Author = {Slatkin, M.},
	Date-Added = {2014-12-21 19:28:20 +0000},
	Date-Modified = {2014-12-21 19:28:20 +0000},
	Journal = {Genetical research},
	Number = {03},
	Pages = {259--260},
	Publisher = {Cambridge Univ Press},
	Title = {A correction to the exact test based on the Ewens sampling distribution},
	Volume = {68},
	Year = {1996}}

@article{slatkin1994exact,
	Author = {Slatkin, M.},
	Date-Added = {2014-12-21 19:28:20 +0000},
	Date-Modified = {2014-12-21 19:28:20 +0000},
	Journal = {Genetical Research},
	Number = {01},
	Pages = {71--74},
	Publisher = {Cambridge Univ Press},
	Title = {An exact test for neutrality based on the Ewens sampling distribution},
	Volume = {64},
	Year = {1994}}

@article{Crema:2014ef,
	Author = {Crema, E R and Edinborough, K and Kerig, T and Shennan, S J},
	Date-Added = {2014-12-21 02:27:55 +0000},
	Date-Modified = {2014-12-21 02:27:55 +0000},
	Doi = {10.1016/j.jas.2014.07.014},
	File = {{F9F19DEB-BF8F-4B11-AFFF-9CB9F328E145.pdf:/Users/mark/Dropbox/Library.papers3/Files/F9/F9F19DEB-BF8F-4B11-AFFF-9CB9F328E145.pdf:application/pdf;F9F19DEB-BF8F-4B11-AFFF-9CB9F328E145.pdf:/Users/mark/Dropbox/Library.papers3/Files/F9/F9F19DEB-BF8F-4B11-AFFF-9CB9F328E145.pdf:application/pdf}},
	Journal = {Journal of Archaeological Science},
	Language = {English},
	Local-Url = {file://localhost/Users/mark/Dropbox/Library.papers3/Files/F9/F9F19DEB-BF8F-4B11-AFFF-9CB9F328E145.pdf},
	Month = jul,
	Rating = {0},
	Read = {Yes},
	Title = {{An Approximate Bayesian Computation approach for inferring patterns of cultural evolutionary change}},
	Uri = {\url{papers3://publication/doi/10.1016/j.jas.2014.07.014}},
	Url = {http://linkinghub.elsevier.com/retrieve/pii/S0305440314002593},
	Year = {2014},
	Bdsk-File-1 = {YnBsaXN0MDDUAQIDBAUGJCVYJHZlcnNpb25YJG9iamVjdHNZJGFyY2hpdmVyVCR0b3ASAAGGoKgHCBMUFRYaIVUkbnVsbNMJCgsMDxJXTlMua2V5c1pOUy5vYmplY3RzViRjbGFzc6INDoACgAOiEBGABIAFgAdccmVsYXRpdmVQYXRoWWFsaWFzRGF0YV8QUC4uLy4uLy4uLy4uLy4uL0xpYnJhcnkucGFwZXJzMy9GaWxlcy9GOS9GOUYxOURFQi1CRjhGLTRCMTEtQUZGRi05Q0I5RjMyOEUxNDUucGRm0hcLGBlXTlMuZGF0YU8RAg4AAAAAAg4AAgAADE1hY2ludG9zaCBIRAAAAAAAAAAAAAAAAAAAANKFLzVIKwAAAAq5Gx9GOUYxOURFQi1CRjhGLTRCMTEtQSMxNjE4OUIucGRmAAAAAAAAAAAAAAAAAAAAAAAAAAAAAAAAAAAAAAAAAAAAFhibz/t89gAAAAAAAAAAAAUABAAACSAAAAAAAAAAAAAAAAAAAAACRjkAEAAIAADShZ+1AAAAEQAIAADP+99mAAAAAQAYAAq5GwAKqA0ACp/aAAqMfgAJZO8ABizwAAIAXk1hY2ludG9zaCBIRDpVc2VyczoAbWFyazoARHJvcGJveDoATGlicmFyeS5wYXBlcnMzOgBGaWxlczoARjk6AEY5RjE5REVCLUJGOEYtNEIxMS1BIzE2MTg5Qi5wZGYADgBSACgARgA5AEYAMQA5AEQARQBCAC0AQgBGADgARgAtADQAQgAxADEALQBBAEYARgBGAC0AOQBDAEIAOQBGADMAMgA4AEUAMQA0ADUALgBwAGQAZgAPABoADABNAGEAYwBpAG4AdABvAHMAaAAgAEgARAASAFRVc2Vycy9tYXJrL0Ryb3Bib3gvTGlicmFyeS5wYXBlcnMzL0ZpbGVzL0Y5L0Y5RjE5REVCLUJGOEYtNEIxMS1BRkZGLTlDQjlGMzI4RTE0NS5wZGYAEwABLwAAFQACAAv//wAAgAbSGxwdHlokY2xhc3NuYW1lWCRjbGFzc2VzXU5TTXV0YWJsZURhdGGjHR8gVk5TRGF0YVhOU09iamVjdNIbHCIjXE5TRGljdGlvbmFyeaIiIF8QD05TS2V5ZWRBcmNoaXZlctEmJ1Ryb290gAEACAARABoAIwAtADIANwBAAEYATQBVAGAAZwBqAGwAbgBxAHMAdQB3AIQAjgDhAOYA7gMAAwIDBwMSAxsDKQMtAzQDPQNCA08DUgNkA2cDbAAAAAAAAAIBAAAAAAAAACgAAAAAAAAAAAAAAAAAAANu},
	Bdsk-Url-1 = {http://linkinghub.elsevier.com/retrieve/pii/S0305440314002593},
	Bdsk-Url-2 = {http://dx.doi.org/10.1016/j.jas.2014.07.014}}

@book{kuhn2013applied,
	Author = {Kuhn, Max and Johnson, Kjell},
	Date-Added = {2014-12-21 02:20:21 +0000},
	Date-Modified = {2014-12-21 02:20:21 +0000},
	Publisher = {Springer},
	Title = {Applied predictive modeling},
	Year = {2013}}

@article{kuhn2008building,
	Author = {Kuhn, Max},
	Date-Added = {2014-12-21 02:16:18 +0000},
	Date-Modified = {2014-12-21 02:16:18 +0000},
	Journal = {Journal of Statistical Software},
	Number = {5},
	Pages = {1--26},
	Publisher = {American Statistical Association},
	Title = {Building predictive models in R using the caret package},
	Volume = {28},
	Year = {2008}}

@book{schapire2012boosting,
	Author = {Schapire, Robert E and Freund, Yoav},
	Date-Added = {2014-12-21 02:12:47 +0000},
	Date-Modified = {2014-12-21 02:12:47 +0000},
	Publisher = {MIT Press},
	Title = {Boosting: Foundations and algorithms},
	Year = {2012}}

@article{freund1995boosting,
	Author = {Freund, Yoav},
	Date-Added = {2014-12-21 02:12:35 +0000},
	Date-Modified = {2014-12-21 02:12:35 +0000},
	Journal = {Information and computation},
	Number = {2},
	Pages = {256--285},
	Publisher = {Elsevier},
	Title = {Boosting a weak learning algorithm by majority},
	Volume = {121},
	Year = {1995}}

@article{freund1999short,
	Author = {Freund, Yoav and Schapire, Robert and Abe, N},
	Date-Added = {2014-12-21 02:12:34 +0000},
	Date-Modified = {2014-12-21 02:12:34 +0000},
	Journal = {Journal-Japanese Society For Artificial Intelligence},
	Number = {771-780},
	Pages = {1612},
	Publisher = {JAPANESE SOC ARTIFICIAL INTELL},
	Title = {A short introduction to boosting},
	Volume = {14},
	Year = {1999}}

@article{fernandez2014we,
	Author = {Fern{\'a}ndez-Delgado, Manuel and Cernadas, Eva and Barro, Sen{\'e}n and Amorim, Dinani},
	Date-Added = {2014-12-21 01:58:31 +0000},
	Date-Modified = {2014-12-21 01:58:31 +0000},
	Journal = {The Journal of Machine Learning Research},
	Number = {1},
	Pages = {3133--3181},
	Publisher = {JMLR. org},
	Title = {Do we need hundreds of classifiers to solve real world classification problems?},
	Volume = {15},
	Year = {2014}}

@incollection{wolpert2002supervised,
	Author = {Wolpert, David H},
	Booktitle = {Soft Computing and Industry},
	Date-Added = {2014-12-21 01:58:05 +0000},
	Date-Modified = {2014-12-21 01:58:05 +0000},
	Pages = {25--42},
	Publisher = {Springer},
	Title = {The supervised learning no-free-lunch theorems},
	Year = {2002}}

@techreport{wolpert1995no,
	Author = {Wolpert, David H and Macready, William G},
	Date-Added = {2014-12-21 01:58:05 +0000},
	Date-Modified = {2014-12-21 01:58:05 +0000},
	Institution = {Technical Report SFI-TR-95-02-010, Santa Fe Institute},
	Title = {No free lunch theorems for search},
	Year = {1995}}

@article{wolpert1997no,
	Author = {Wolpert, David H and Macready, William G},
	Date-Added = {2014-12-21 01:58:05 +0000},
	Date-Modified = {2014-12-21 01:58:05 +0000},
	Journal = {Evolutionary Computation, IEEE Transactions on},
	Number = {1},
	Pages = {67--82},
	Publisher = {IEEE},
	Title = {No free lunch theorems for optimization},
	Volume = {1},
	Year = {1997}}

@article{tumer2003bayes,
	Author = {Tumer, Kagan and Ghosh, Joydeep},
	Date-Added = {2014-12-20 21:42:54 +0000},
	Date-Modified = {2014-12-20 21:42:54 +0000},
	Journal = {International Journal of Smart Engineering System Design},
	Number = {2},
	Pages = {95--109},
	Publisher = {Taylor \& Francis},
	Title = {Bayes error rate estimation using classifier ensembles},
	Volume = {5},
	Year = {2003}}

@book{fukunaga1990introduction,
	Author = {Fukunaga, Keinosuke},
	Date-Added = {2014-12-20 19:46:57 +0000},
	Date-Modified = {2014-12-20 19:46:57 +0000},
	Publisher = {Academic press},
	Title = {Introduction to statistical pattern recognition},
	Year = {1990}}

@unpublished{plutinski2004,
	Author = {Anya Plutinski},
	Date-Added = {2014-12-14 21:52:23 +0000},
	Date-Modified = {2015-04-11 18:03:01 +0000},
	Lastchecked = {12/14/2014},
	Title = {{Interview with Warren Ewens}},
	Url = {http://authors.library.caltech.edu/5456/1/hrst.mit.edu/hrs/evolution/public/ewens.html},
	Year = {2004},
	Bdsk-Url-1 = {http://authors.library.caltech.edu/5456/1/hrst.mit.edu/hrs/evolution/public/ewens.html}}

@article{kempe2014experimental,
	Author = {Kempe, Marius and Mesoudi, Alex},
	Date-Added = {2014-12-14 21:24:32 +0000},
	Date-Modified = {2014-12-14 21:24:32 +0000},
	Journal = {Wiley Interdisciplinary Reviews: Cognitive Science},
	Number = {3},
	Pages = {317--326},
	Publisher = {Wiley Online Library},
	Title = {Experimental and theoretical models of human cultural evolution},
	Volume = {5},
	Year = {2014}}

@article{schillinger2014considering,
	Author = {Schillinger, Kerstin and Mesoudi, Alex and Lycett, Stephen J},
	Date-Added = {2014-12-14 21:24:08 +0000},
	Date-Modified = {2014-12-14 21:24:08 +0000},
	Journal = {PloS one},
	Number = {5},
	Pages = {e97157},
	Publisher = {Public Library of Science},
	Title = {Considering the Role of Time Budgets on Copy-Error Rates in Material Culture Traditions: An Experimental Assessment},
	Volume = {9},
	Year = {2014}}

@incollection{mesoudi2014experimental,
	Author = {Mesoudi, Alex},
	Booktitle = {Dynamics of Learning in Neanderthals and Modern Humans Volume 2},
	Date-Added = {2014-12-14 21:24:07 +0000},
	Date-Modified = {2014-12-14 21:24:07 +0000},
	Pages = {65--76},
	Publisher = {Springer},
	Title = {Experimental Studies of Modern Human Social and Individual Learning in an Archaeological Context: People Behave Adaptively, But Within Limits},
	Year = {2014}}

@article{schillinger2014copying,
	Author = {Schillinger, Kerstin and Mesoudi, Alex and Lycett, Stephen J},
	Date-Added = {2014-12-14 21:24:06 +0000},
	Date-Modified = {2014-12-27 19:48:05 +0000},
	Journal = {American Antiquity},
	Number = {1},
	Pages = {128--143},
	Publisher = {Society for American Archaeology},
	Title = {Copying Error and the Cultural Evolution of Additive vs. Reductive Material Traditions: an Experimental Assessment},
	Volume = {79},
	Year = {2014}}

@book{Dunnell1971,
	Address = {New York},
	Author = {Dunnell, Robert C.},
	Date-Added = {2014-12-02 22:32:35 +0000},
	Date-Modified = {2014-12-02 22:32:35 +0000},
	Publisher = {Free Press},
	Title = {Systematics in prehistory},
	Year = {1971}}

@article{Clauset:2007p28665,
	Annote = {Published in: SIAM Review 51, 661-703 (2009)

43 pages, 11 figures, 7 tables, 4 appendices; code available at
  http://www.santafe.edu/{\textasciitilde}aaronc/powerlaws/},
	Author = {Clauset, Aaron and Shalizi, Cosma Rohilla and Newman, M E J},
	Date-Added = {2014-12-02 20:58:48 +0000},
	Date-Modified = {2014-12-02 20:58:48 +0000},
	Doi = {10.1137/070710111},
	File = {{arXiv_2007_Clauset.pdf:/Users/mark/Dropbox/Library.papers3/2007/Clauset/arXiv_2007_Clauset.pdf:application/pdf}},
	Journal = {SIAM review},
	Language = {English},
	Local-Url = {file://localhost/Users/mark/Dropbox/Library.papers3/2007/Clauset/arXiv_2007_Clauset.pdf},
	Month = nov,
	Number = {4},
	Pages = {661--703},
	Rating = {0},
	Read = {Yes},
	Title = {{Power-Law Distributions in Empirical Data}},
	Uri = {\url{papers3://publication/doi/10.1137/070710111}},
	Url = {http://epubs.siam.org/doi/abs/10.1137/070710111},
	Volume = {51},
	Year = {2009},
	Bdsk-File-1 = {YnBsaXN0MDDUAQIDBAUGJCVYJHZlcnNpb25YJG9iamVjdHNZJGFyY2hpdmVyVCR0b3ASAAGGoKgHCBMUFRYaIVUkbnVsbNMJCgsMDxJXTlMua2V5c1pOUy5vYmplY3RzViRjbGFzc6INDoACgAOiEBGABIAFgAdccmVsYXRpdmVQYXRoWWFsaWFzRGF0YV8QQi4uLy4uLy4uLy4uLy4uL0xpYnJhcnkucGFwZXJzMy8yMDA3L0NsYXVzZXQvYXJYaXZfMjAwN19DbGF1c2V0LnBkZtIXCxgZV05TLmRhdGFPEQHeAAAAAAHeAAIAAAxNYWNpbnRvc2ggSEQAAAAAAAAAAAAAAAAAAADShS81SCsAAAAK2MUWYXJYaXZfMjAwN19DbGF1c2V0LnBkZgAAAAAAAAAAAAAAAAAAAAAAAAAAAAAAAAAAAAAAAAAAAAAAAAAAAAAAAA/I6Ml/9tgAAAAAAAAAAAAFAAQAAAkgAAAAAAAAAAAAAAAAAAAAB0NsYXVzZXQAABAACAAA0oWftQAAABEACAAAyYBnWAAAAAEAGAAK2MUACqQUAAqf2gAKjH4ACWTvAAYs8AACAFlNYWNpbnRvc2ggSEQ6VXNlcnM6AG1hcms6AERyb3Bib3g6AExpYnJhcnkucGFwZXJzMzoAMjAwNzoAQ2xhdXNldDoAYXJYaXZfMjAwN19DbGF1c2V0LnBkZgAADgAuABYAYQByAFgAaQB2AF8AMgAwADAANwBfAEMAbABhAHUAcwBlAHQALgBwAGQAZgAPABoADABNAGEAYwBpAG4AdABvAHMAaAAgAEgARAASAEZVc2Vycy9tYXJrL0Ryb3Bib3gvTGlicmFyeS5wYXBlcnMzLzIwMDcvQ2xhdXNldC9hclhpdl8yMDA3X0NsYXVzZXQucGRmABMAAS8AABUAAgAL//8AAIAG0hscHR5aJGNsYXNzbmFtZVgkY2xhc3Nlc11OU011dGFibGVEYXRhox0fIFZOU0RhdGFYTlNPYmplY3TSGxwiI1xOU0RpY3Rpb25hcnmiIiBfEA9OU0tleWVkQXJjaGl2ZXLRJidUcm9vdIABAAgAEQAaACMALQAyADcAQABGAE0AVQBgAGcAagBsAG4AcQBzAHUAdwCEAI4A0wDYAOACwgLEAskC1ALdAusC7wL2Av8DBAMRAxQDJgMpAy4AAAAAAAACAQAAAAAAAAAoAAAAAAAAAAAAAAAAAAADMA==},
	Bdsk-Url-1 = {http://epubs.siam.org/doi/abs/10.1137/070710111},
	Bdsk-Url-2 = {http://dx.doi.org/10.1137/070710111}}

@article{Gillespie:2014uq,
	Author = {Gillespie, Colin S},
	Date-Added = {2014-12-02 20:58:10 +0000},
	Date-Modified = {2014-12-02 20:58:10 +0000},
	Eprint = {1407.3492},
	Eprinttype = {arxiv},
	File = {{B5E6826E-C2B7-4093-9211-76BAD0A9B7C5.pdf:/Users/mark/Dropbox/Library.papers3/Files/B5/B5E6826E-C2B7-4093-9211-76BAD0A9B7C5.pdf:application/pdf;B5E6826E-C2B7-4093-9211-76BAD0A9B7C5.pdf:/Users/mark/Dropbox/Library.papers3/Files/B5/B5E6826E-C2B7-4093-9211-76BAD0A9B7C5.pdf:application/pdf}},
	Local-Url = {file://localhost/Users/mark/Dropbox/Library.papers3/Files/B5/B5E6826E-C2B7-4093-9211-76BAD0A9B7C5.pdf},
	Month = jul,
	Rating = {0},
	Read = {Yes},
	Title = {{Fitting heavy tailed distributions: the poweRlaw package}},
	Uri = {\url{papers3://publication/uuid/1F438258-D092-435B-9532-C5B9775EF090}},
	Url = {http://arxiv.org/abs/1407.3492},
	Year = {2014},
	Bdsk-File-1 = {YnBsaXN0MDDUAQIDBAUGJCVYJHZlcnNpb25YJG9iamVjdHNZJGFyY2hpdmVyVCR0b3ASAAGGoKgHCBMUFRYaIVUkbnVsbNMJCgsMDxJXTlMua2V5c1pOUy5vYmplY3RzViRjbGFzc6INDoACgAOiEBGABIAFgAdccmVsYXRpdmVQYXRoWWFsaWFzRGF0YV8QUC4uLy4uLy4uLy4uLy4uL0xpYnJhcnkucGFwZXJzMy9GaWxlcy9CNS9CNUU2ODI2RS1DMkI3LTQwOTMtOTIxMS03NkJBRDBBOUI3QzUucGRm0hcLGBlXTlMuZGF0YU8RAg4AAAAAAg4AAgAADE1hY2ludG9zaCBIRAAAAAAAAAAAAAAAAAAAANKFLzVIKwAAAAq+8h9CNUU2ODI2RS1DMkI3LTQwOTMtOSMxNjFDNDgucGRmAAAAAAAAAAAAAAAAAAAAAAAAAAAAAAAAAAAAAAAAAAAAFhxI0KLrVwAAAAAAAAAAAAUABAAACSAAAAAAAAAAAAAAAAAAAAACQjUAEAAIAADShZ+1AAAAEQAIAADQo1vXAAAAAQAYAAq+8gAKqA0ACp/aAAqMfgAJZO8ABizwAAIAXk1hY2ludG9zaCBIRDpVc2VyczoAbWFyazoARHJvcGJveDoATGlicmFyeS5wYXBlcnMzOgBGaWxlczoAQjU6AEI1RTY4MjZFLUMyQjctNDA5My05IzE2MUM0OC5wZGYADgBSACgAQgA1AEUANgA4ADIANgBFAC0AQwAyAEIANwAtADQAMAA5ADMALQA5ADIAMQAxAC0ANwA2AEIAQQBEADAAQQA5AEIANwBDADUALgBwAGQAZgAPABoADABNAGEAYwBpAG4AdABvAHMAaAAgAEgARAASAFRVc2Vycy9tYXJrL0Ryb3Bib3gvTGlicmFyeS5wYXBlcnMzL0ZpbGVzL0I1L0I1RTY4MjZFLUMyQjctNDA5My05MjExLTc2QkFEMEE5QjdDNS5wZGYAEwABLwAAFQACAAv//wAAgAbSGxwdHlokY2xhc3NuYW1lWCRjbGFzc2VzXU5TTXV0YWJsZURhdGGjHR8gVk5TRGF0YVhOU09iamVjdNIbHCIjXE5TRGljdGlvbmFyeaIiIF8QD05TS2V5ZWRBcmNoaXZlctEmJ1Ryb290gAEACAARABoAIwAtADIANwBAAEYATQBVAGAAZwBqAGwAbgBxAHMAdQB3AIQAjgDhAOYA7gMAAwIDBwMSAxsDKQMtAzQDPQNCA08DUgNkA2cDbAAAAAAAAAIBAAAAAAAAACgAAAAAAAAAAAAAAAAAAANu},
	Bdsk-Url-1 = {http://arxiv.org/abs/1407.3492}}

@book{moran1962statistical,
	Author = {Moran, P.A.P.},
	Date-Added = {2014-12-02 20:29:11 +0000},
	Date-Modified = {2015-04-11 17:52:18 +0000},
	Publisher = {Clarendon Press; Oxford University Press.},
	Title = {The statistical processes of evolutionary theory.},
	Year = {1962}}

@inproceedings{moran1958random,
	Author = {Moran, PAP},
	Booktitle = {Mathematical Proceedings of the Cambridge Philosophical Society},
	Date-Added = {2014-12-02 20:29:11 +0000},
	Date-Modified = {2015-04-11 17:52:36 +0000},
	Organization = {Cambridge Univ Press},
	Pages = {60--71},
	Title = {Random processes in genetics},
	Volume = {54},
	Year = {1958}}

@article{aoki2011rates,
	Author = {Aoki, Kenichi and Lehmann, Laurent and Feldman, Marcus W},
	Date-Added = {2014-12-02 20:28:20 +0000},
	Date-Modified = {2014-12-02 20:28:20 +0000},
	Journal = {Theoretical population biology},
	Number = {4},
	Pages = {192--202},
	Publisher = {Elsevier},
	Title = {Rates of cultural change and patterns of cultural accumulation in stochastic models of social transmission},
	Volume = {79},
	Year = {2011}}

@book{devijver1982pattern,
	Author = {Devijver, Pierre A and Kittler, Josef},
	Date-Added = {2014-12-02 17:16:26 +0000},
	Date-Modified = {2014-12-02 17:16:26 +0000},
	Publisher = {Prentice-Hall London},
	Title = {Pattern recognition: A statistical approach},
	Volume = {761},
	Year = {1982}}

@article{Tumer:2003jt,
	Author = {Tumer, Kagan and Ghosh, Joydeep},
	Date-Added = {2014-12-02 17:11:32 +0000},
	Date-Modified = {2014-12-02 17:11:32 +0000},
	Doi = {10.1080/10255810305042},
	Journal = {International Journal of Smart Engineering System Design},
	Language = {English},
	Month = jan,
	Number = {2},
	Pages = {95--109},
	Rating = {0},
	Read = {Yes},
	Title = {{Bayes Error Rate Estimation Using Classifier Ensembles}},
	Uri = {\url{papers3://publication/doi/10.1080/10255810305042}},
	Url = {http://www.tandfonline.com/doi/abs/10.1080/10255810305042},
	Volume = {5},
	Year = {2003},
	Bdsk-Url-1 = {http://www.tandfonline.com/doi/abs/10.1080/10255810305042},
	Bdsk-Url-2 = {http://dx.doi.org/10.1080/10255810305042}}

@article{McLachlan:1975eo,
	Author = {McLachlan, G J},
	Date-Added = {2014-12-02 17:11:06 +0000},
	Date-Modified = {2014-12-02 17:11:06 +0000},
	Doi = {10.2307/2529717},
	File = {{77E25111-0587-49DA-AEFA-EC219DC2BC5D.pdf:/Users/mark/Dropbox/Library.papers3/Files/77/77E25111-0587-49DA-AEFA-EC219DC2BC5D.pdf:application/pdf;77E25111-0587-49DA-AEFA-EC219DC2BC5D.pdf:/Users/mark/Dropbox/Library.papers3/Files/77/77E25111-0587-49DA-AEFA-EC219DC2BC5D.pdf:application/pdf}},
	Journal = {Biometrics},
	Local-Url = {file://localhost/Users/mark/Dropbox/Library.papers3/Files/77/77E25111-0587-49DA-AEFA-EC219DC2BC5D.pdf},
	Month = mar,
	Number = {1},
	Pages = {161},
	Rating = {0},
	Read = {Yes},
	Title = {{Confidence Intervals for the Conditional Probability of Misallocation in Discriminant Analysis}},
	Uri = {\url{papers3://publication/doi/10.2307/2529717}},
	Url = {http://www.jstor.org/stable/2529717?origin=crossref},
	Volume = {31},
	Year = {1975},
	Bdsk-File-1 = {YnBsaXN0MDDUAQIDBAUGJCVYJHZlcnNpb25YJG9iamVjdHNZJGFyY2hpdmVyVCR0b3ASAAGGoKgHCBMUFRYaIVUkbnVsbNMJCgsMDxJXTlMua2V5c1pOUy5vYmplY3RzViRjbGFzc6INDoACgAOiEBGABIAFgAdccmVsYXRpdmVQYXRoWWFsaWFzRGF0YV8QUC4uLy4uLy4uLy4uLy4uL0xpYnJhcnkucGFwZXJzMy9GaWxlcy83Ny83N0UyNTExMS0wNTg3LTQ5REEtQUVGQS1FQzIxOURDMkJDNUQucGRm0hcLGBlXTlMuZGF0YU8RAg4AAAAAAg4AAgAADE1hY2ludG9zaCBIRAAAAAAAAAAAAAAAAAAAANKFLzVIKwAAAAq/SR83N0UyNTExMS0wNTg3LTQ5REEtQSMxNjFDNTUucGRmAAAAAAAAAAAAAAAAAAAAAAAAAAAAAAAAAAAAAAAAAAAAFhxV0KKPCwAAAAAAAAAAAAUABAAACSAAAAAAAAAAAAAAAAAAAAACNzcAEAAIAADShZ+1AAAAEQAIAADQov+LAAAAAQAYAAq/SQAKqA0ACp/aAAqMfgAJZO8ABizwAAIAXk1hY2ludG9zaCBIRDpVc2VyczoAbWFyazoARHJvcGJveDoATGlicmFyeS5wYXBlcnMzOgBGaWxlczoANzc6ADc3RTI1MTExLTA1ODctNDlEQS1BIzE2MUM1NS5wZGYADgBSACgANwA3AEUAMgA1ADEAMQAxAC0AMAA1ADgANwAtADQAOQBEAEEALQBBAEUARgBBAC0ARQBDADIAMQA5AEQAQwAyAEIAQwA1AEQALgBwAGQAZgAPABoADABNAGEAYwBpAG4AdABvAHMAaAAgAEgARAASAFRVc2Vycy9tYXJrL0Ryb3Bib3gvTGlicmFyeS5wYXBlcnMzL0ZpbGVzLzc3Lzc3RTI1MTExLTA1ODctNDlEQS1BRUZBLUVDMjE5REMyQkM1RC5wZGYAEwABLwAAFQACAAv//wAAgAbSGxwdHlokY2xhc3NuYW1lWCRjbGFzc2VzXU5TTXV0YWJsZURhdGGjHR8gVk5TRGF0YVhOU09iamVjdNIbHCIjXE5TRGljdGlvbmFyeaIiIF8QD05TS2V5ZWRBcmNoaXZlctEmJ1Ryb290gAEACAARABoAIwAtADIANwBAAEYATQBVAGAAZwBqAGwAbgBxAHMAdQB3AIQAjgDhAOYA7gMAAwIDBwMSAxsDKQMtAzQDPQNCA08DUgNkA2cDbAAAAAAAAAIBAAAAAAAAACgAAAAAAAAAAAAAAAAAAANu},
	Bdsk-Url-1 = {http://www.jstor.org/stable/2529717?origin=crossref},
	Bdsk-Url-2 = {http://dx.doi.org/10.2307/2529717}}

@article{Dobbin:2009du,
	Abstract = {Constructing a confidence interval for the actual, conditional error rate of a prediction rule from multivariate data is problematic because this error rate is not a population parameter in the traditional sense--it is a functional of the training set. When the training set changes, so does this "parameter." A valid method for constructing confidence intervals for the actual error rate had been previously developed by McLachlan. However, McLachlan's method cannot be applied in many cancer research settings because it requires the number of samples to be much larger than the number of dimensions (n > p), and it assumes that no dimension-reducing feature selection step is performed. Here, an alternative to McLachlan's method is presented that can be applied when p > n, with an additional adjustment in the presence of feature selection. Coverage probabilities of the new method are shown to be nominal or conservative over a wide range of scenarios. The new method is relatively simple to implement and not computationally burdensome.},
	Affiliation = {National Cancer Institute, 6130 Executive Boulevard, EPN Room 8124, Rockville, MD 20892, USA. dobbinke@mail.nih.gov},
	Author = {Dobbin, Kevin K},
	Date-Added = {2014-12-02 17:11:06 +0000},
	Date-Modified = {2014-12-02 17:11:06 +0000},
	Doi = {10.1093/biostatistics/kxn035},
	File = {{444BB7E9-444E-479F-9B55-9A70D1E81CD9.pdf:/Users/mark/Dropbox/Library.papers3/Files/44/444BB7E9-444E-479F-9B55-9A70D1E81CD9.pdf:application/pdf;444BB7E9-444E-479F-9B55-9A70D1E81CD9.pdf:/Users/mark/Dropbox/Library.papers3/Files/44/444BB7E9-444E-479F-9B55-9A70D1E81CD9.pdf:application/pdf}},
	Journal = {Biostatistics (Oxford, England)},
	Language = {English},
	Local-Url = {file://localhost/Users/mark/Dropbox/Library.papers3/Files/44/444BB7E9-444E-479F-9B55-9A70D1E81CD9.pdf},
	Month = apr,
	Number = {2},
	Pages = {282--296},
	Pmcid = {PMC2733174},
	Pmid = {19039030},
	Publisher = {Oxford University Press},
	Rating = {0},
	Read = {Yes},
	Title = {{A method for constructing a confidence bound for the actual error rate of a prediction rule in high dimensions}},
	Uri = {\url{papers3://publication/doi/10.1093/biostatistics/kxn035}},
	Url = {http://biostatistics.oxfordjournals.org/cgi/doi/10.1093/biostatistics/kxn035},
	Volume = {10},
	Year = {2009},
	Bdsk-File-1 = {YnBsaXN0MDDUAQIDBAUGJCVYJHZlcnNpb25YJG9iamVjdHNZJGFyY2hpdmVyVCR0b3ASAAGGoKgHCBMUFRYaIVUkbnVsbNMJCgsMDxJXTlMua2V5c1pOUy5vYmplY3RzViRjbGFzc6INDoACgAOiEBGABIAFgAdccmVsYXRpdmVQYXRoWWFsaWFzRGF0YV8QUC4uLy4uLy4uLy4uLy4uL0xpYnJhcnkucGFwZXJzMy9GaWxlcy80NC80NDRCQjdFOS00NDRFLTQ3OUYtOUI1NS05QTcwRDFFODFDRDkucGRm0hcLGBlXTlMuZGF0YU8RAg4AAAAAAg4AAgAADE1hY2ludG9zaCBIRAAAAAAAAAAAAAAAAAAAANKFLzVIKwAAAAq9vR80NDRCQjdFOS00NDRFLTQ3OUYtOSMxNjFDNjEucGRmAAAAAAAAAAAAAAAAAAAAAAAAAAAAAAAAAAAAAAAAAAAAFhxh0KKOUwAAAAAAAAAAAAUABAAACSAAAAAAAAAAAAAAAAAAAAACNDQAEAAIAADShZ+1AAAAEQAIAADQov7TAAAAAQAYAAq9vQAKqA0ACp/aAAqMfgAJZO8ABizwAAIAXk1hY2ludG9zaCBIRDpVc2VyczoAbWFyazoARHJvcGJveDoATGlicmFyeS5wYXBlcnMzOgBGaWxlczoANDQ6ADQ0NEJCN0U5LTQ0NEUtNDc5Ri05IzE2MUM2MS5wZGYADgBSACgANAA0ADQAQgBCADcARQA5AC0ANAA0ADQARQAtADQANwA5AEYALQA5AEIANQA1AC0AOQBBADcAMABEADEARQA4ADEAQwBEADkALgBwAGQAZgAPABoADABNAGEAYwBpAG4AdABvAHMAaAAgAEgARAASAFRVc2Vycy9tYXJrL0Ryb3Bib3gvTGlicmFyeS5wYXBlcnMzL0ZpbGVzLzQ0LzQ0NEJCN0U5LTQ0NEUtNDc5Ri05QjU1LTlBNzBEMUU4MUNEOS5wZGYAEwABLwAAFQACAAv//wAAgAbSGxwdHlokY2xhc3NuYW1lWCRjbGFzc2VzXU5TTXV0YWJsZURhdGGjHR8gVk5TRGF0YVhOU09iamVjdNIbHCIjXE5TRGljdGlvbmFyeaIiIF8QD05TS2V5ZWRBcmNoaXZlctEmJ1Ryb290gAEACAARABoAIwAtADIANwBAAEYATQBVAGAAZwBqAGwAbgBxAHMAdQB3AIQAjgDhAOYA7gMAAwIDBwMSAxsDKQMtAzQDPQNCA08DUgNkA2cDbAAAAAAAAAIBAAAAAAAAACgAAAAAAAAAAAAAAAAAAANu},
	Bdsk-Url-1 = {http://biostatistics.oxfordjournals.org/cgi/doi/10.1093/biostatistics/kxn035},
	Bdsk-Url-2 = {http://dx.doi.org/10.1093/biostatistics/kxn035}}

@article{Loizou:1987bi,
	Abstract = {The (k, l) nearest neighbor method of pattern classification is compared to the Bayes method. If the two acceptance rates are equal then the asymptotic error rates satisfy the inequalities Ek,l + 1 {\^A}{\textquestiondown} E*({\^A}{\textquestiondown}) {\^A}{\textquestiondown} Ek,l dE*({\^A}{\textquestiondown}), where d is a function of ...},
	Author = {Loizou, G and Maybank, S J},
	Date-Added = {2014-12-02 17:11:06 +0000},
	Date-Modified = {2014-12-02 17:11:06 +0000},
	Doi = {10.1109/TPAMI.1987.4767899},
	File = {{A8BAAC18-F014-45A2-9EAE-506FCD4B75B8.pdf:/Users/mark/Dropbox/Library.papers3/Files/A8/A8BAAC18-F014-45A2-9EAE-506FCD4B75B8.pdf:application/pdf;A8BAAC18-F014-45A2-9EAE-506FCD4B75B8.pdf:/Users/mark/Dropbox/Library.papers3/Files/A8/A8BAAC18-F014-45A2-9EAE-506FCD4B75B8.pdf:application/pdf}},
	Journal = {Pattern Analysis and Machine Intelligence, IEEE Transactions on},
	Language = {English},
	Local-Url = {file://localhost/Users/mark/Dropbox/Library.papers3/Files/A8/A8BAAC18-F014-45A2-9EAE-506FCD4B75B8.pdf},
	Month = mar,
	Number = {2},
	Pages = {254--262},
	Publisher = {IEEE},
	Rating = {0},
	Read = {Yes},
	Title = {{The Nearest Neighbor and the Bayes Error Rates}},
	Uri = {\url{papers3://publication/doi/10.1109/TPAMI.1987.4767899}},
	Url = {http://ieeexplore.ieee.org/lpdocs/epic03/wrapper.htm?arnumber=4767899},
	Volume = {PAMI-9},
	Year = {1987},
	Bdsk-File-1 = {YnBsaXN0MDDUAQIDBAUGJCVYJHZlcnNpb25YJG9iamVjdHNZJGFyY2hpdmVyVCR0b3ASAAGGoKgHCBMUFRYaIVUkbnVsbNMJCgsMDxJXTlMua2V5c1pOUy5vYmplY3RzViRjbGFzc6INDoACgAOiEBGABIAFgAdccmVsYXRpdmVQYXRoWWFsaWFzRGF0YV8QUC4uLy4uLy4uLy4uLy4uL0xpYnJhcnkucGFwZXJzMy9GaWxlcy9BOC9BOEJBQUMxOC1GMDE0LTQ1QTItOUVBRS01MDZGQ0Q0Qjc1QjgucGRm0hcLGBlXTlMuZGF0YU8RAg4AAAAAAg4AAgAADE1hY2ludG9zaCBIRAAAAAAAAAAAAAAAAAAAANKFLzVIKwAAAAq5Lx9BOEJBQUMxOC1GMDE0LTQ1QTItOSMxNjFDNjMucGRmAAAAAAAAAAAAAAAAAAAAAAAAAAAAAAAAAAAAAAAAAAAAFhxj0KGZjAAAAAAAAAAAAAUABAAACSAAAAAAAAAAAAAAAAAAAAACQTgAEAAIAADShZ+1AAAAEQAIAADQogoMAAAAAQAYAAq5LwAKqA0ACp/aAAqMfgAJZO8ABizwAAIAXk1hY2ludG9zaCBIRDpVc2VyczoAbWFyazoARHJvcGJveDoATGlicmFyeS5wYXBlcnMzOgBGaWxlczoAQTg6AEE4QkFBQzE4LUYwMTQtNDVBMi05IzE2MUM2My5wZGYADgBSACgAQQA4AEIAQQBBAEMAMQA4AC0ARgAwADEANAAtADQANQBBADIALQA5AEUAQQBFAC0ANQAwADYARgBDAEQANABCADcANQBCADgALgBwAGQAZgAPABoADABNAGEAYwBpAG4AdABvAHMAaAAgAEgARAASAFRVc2Vycy9tYXJrL0Ryb3Bib3gvTGlicmFyeS5wYXBlcnMzL0ZpbGVzL0E4L0E4QkFBQzE4LUYwMTQtNDVBMi05RUFFLTUwNkZDRDRCNzVCOC5wZGYAEwABLwAAFQACAAv//wAAgAbSGxwdHlokY2xhc3NuYW1lWCRjbGFzc2VzXU5TTXV0YWJsZURhdGGjHR8gVk5TRGF0YVhOU09iamVjdNIbHCIjXE5TRGljdGlvbmFyeaIiIF8QD05TS2V5ZWRBcmNoaXZlctEmJ1Ryb290gAEACAARABoAIwAtADIANwBAAEYATQBVAGAAZwBqAGwAbgBxAHMAdQB3AIQAjgDhAOYA7gMAAwIDBwMSAxsDKQMtAzQDPQNCA08DUgNkA2cDbAAAAAAAAAIBAAAAAAAAACgAAAAAAAAAAAAAAAAAAANu},
	Bdsk-Url-1 = {http://ieeexplore.ieee.org/lpdocs/epic03/wrapper.htm?arnumber=4767899},
	Bdsk-Url-2 = {http://dx.doi.org/10.1109/TPAMI.1987.4767899}}

@article{Antos:1999dn,
	Abstract = {We give a short proof of the following result. Let (X,Y) be any distribution on N{\&}times;{0,1}, and let (X<sub>1</sub>,Y<sub>1</sub>),...,(X<sub>n</sub>,Y<sub>n</sub>) be an i.i.d. sample drawn from this distribution. In discrimination, the Bayes erro...},
	Author = {Antos, A and Devroye, L and Gyorfi, L},
	Date-Added = {2014-12-02 17:11:06 +0000},
	Date-Modified = {2014-12-02 17:11:06 +0000},
	Doi = {10.1109/34.777375},
	File = {{EB20FEBA-958E-433B-A131-8FC31FF265EA.pdf:/Users/mark/Dropbox/Library.papers3/Files/EB/EB20FEBA-958E-433B-A131-8FC31FF265EA.pdf:application/pdf;EB20FEBA-958E-433B-A131-8FC31FF265EA.pdf:/Users/mark/Dropbox/Library.papers3/Files/EB/EB20FEBA-958E-433B-A131-8FC31FF265EA.pdf:application/pdf}},
	Journal = {Pattern Analysis and Machine Intelligence, IEEE Transactions on},
	Language = {English},
	Local-Url = {file://localhost/Users/mark/Dropbox/Library.papers3/Files/EB/EB20FEBA-958E-433B-A131-8FC31FF265EA.pdf},
	Month = jul,
	Number = {7},
	Pages = {643--645},
	Publisher = {IEEE},
	Rating = {0},
	Read = {Yes},
	Title = {{Lower bounds for Bayes error estimation}},
	Uri = {\url{papers3://publication/doi/10.1109/34.777375}},
	Url = {http://ieeexplore.ieee.org/lpdocs/epic03/wrapper.htm?arnumber=777375},
	Volume = {21},
	Year = {1999},
	Bdsk-File-1 = {YnBsaXN0MDDUAQIDBAUGJCVYJHZlcnNpb25YJG9iamVjdHNZJGFyY2hpdmVyVCR0b3ASAAGGoKgHCBMUFRYaIVUkbnVsbNMJCgsMDxJXTlMua2V5c1pOUy5vYmplY3RzViRjbGFzc6INDoACgAOiEBGABIAFgAdccmVsYXRpdmVQYXRoWWFsaWFzRGF0YV8QUC4uLy4uLy4uLy4uLy4uL0xpYnJhcnkucGFwZXJzMy9GaWxlcy9FQi9FQjIwRkVCQS05NThFLTQzM0ItQTEzMS04RkMzMUZGMjY1RUEucGRm0hcLGBlXTlMuZGF0YU8RAg4AAAAAAg4AAgAADE1hY2ludG9zaCBIRAAAAAAAAAAAAAAAAAAAANKFLzVIKwAAAAq/qx9FQjIwRkVCQS05NThFLTQzM0ItQSMxNjFDNEIucGRmAAAAAAAAAAAAAAAAAAAAAAAAAAAAAAAAAAAAAAAAAAAAFhxL0KGZjAAAAAAAAAAAAAUABAAACSAAAAAAAAAAAAAAAAAAAAACRUIAEAAIAADShZ+1AAAAEQAIAADQogoMAAAAAQAYAAq/qwAKqA0ACp/aAAqMfgAJZO8ABizwAAIAXk1hY2ludG9zaCBIRDpVc2VyczoAbWFyazoARHJvcGJveDoATGlicmFyeS5wYXBlcnMzOgBGaWxlczoARUI6AEVCMjBGRUJBLTk1OEUtNDMzQi1BIzE2MUM0Qi5wZGYADgBSACgARQBCADIAMABGAEUAQgBBAC0AOQA1ADgARQAtADQAMwAzAEIALQBBADEAMwAxAC0AOABGAEMAMwAxAEYARgAyADYANQBFAEEALgBwAGQAZgAPABoADABNAGEAYwBpAG4AdABvAHMAaAAgAEgARAASAFRVc2Vycy9tYXJrL0Ryb3Bib3gvTGlicmFyeS5wYXBlcnMzL0ZpbGVzL0VCL0VCMjBGRUJBLTk1OEUtNDMzQi1BMTMxLThGQzMxRkYyNjVFQS5wZGYAEwABLwAAFQACAAv//wAAgAbSGxwdHlokY2xhc3NuYW1lWCRjbGFzc2VzXU5TTXV0YWJsZURhdGGjHR8gVk5TRGF0YVhOU09iamVjdNIbHCIjXE5TRGljdGlvbmFyeaIiIF8QD05TS2V5ZWRBcmNoaXZlctEmJ1Ryb290gAEACAARABoAIwAtADIANwBAAEYATQBVAGAAZwBqAGwAbgBxAHMAdQB3AIQAjgDhAOYA7gMAAwIDBwMSAxsDKQMtAzQDPQNCA08DUgNkA2cDbAAAAAAAAAIBAAAAAAAAACgAAAAAAAAAAAAAAAAAAANu},
	Bdsk-Url-1 = {http://ieeexplore.ieee.org/lpdocs/epic03/wrapper.htm?arnumber=777375},
	Bdsk-Url-2 = {http://dx.doi.org/10.1109/34.777375}}

@article{Porcic2014Exploring-the-E,
	Author = {Por{\v c}i{\'c}, Marko},
	Date-Added = {2014-10-12 16:33:17 +0000},
	Date-Modified = {2014-10-12 16:33:19 +0000},
	Doi = {10.1007/s10816-014-9217-8},
	Issn = {1072-5369},
	Journal = {Journal of Archaeological Method and Theory},
	Keywords = {Evolutionary archaeology; Neutrality tests; Time averaging; Simulation; Cultural transmission},
	Language = {English},
	Pages = {1-22},
	Publisher = {Springer US},
	Title = {Exploring the Effects of Assemblage Accumulation on Diversity and Innovation Rate Estimates in Neutral, Conformist, and Anti-Conformist Models of Cultural Transmission},
	Url = {http://dx.doi.org/10.1007/s10816-014-9217-8},
	Year = {2014},
	Bdsk-Url-1 = {http://dx.doi.org/10.1007/s10816-014-9217-8}}

@article{kandler2013non,
	Author = {Kandler, Anne and Shennan, Stephen},
	Date-Added = {2014-10-11 20:49:47 +0000},
	Date-Modified = {2014-10-11 20:49:47 +0000},
	Journal = {Journal of theoretical biology},
	Pages = {18--25},
	Publisher = {Elsevier},
	Title = {A non-equilibrium neutral model for analysing cultural change},
	Volume = {330},
	Year = {2013}}

@article{Madsen2012TA,
	Author = {Mark E. Madsen},
	Date-Added = {2014-10-10 23:27:22 +0000},
	Date-Modified = {2014-10-10 23:27:22 +0000},
	Eprint = {http://arxiv.org/abs/1204.2043},
	Journal = {ArXiv e-prints},
	Title = {Unbiased Cultural Transmission in Time-Averaged Archaeological Assemblages},
	Url = {http://arxiv.org/abs/1204.2043},
	Volume = {1204.2043},
	Year = {2012},
	Bdsk-Url-1 = {http://arxiv.org/abs/1204.2043}}

@article{Premo:2014jv,
	Abstract = {Anthropologists have adopted methods from population genetics to study modes of cultural transmission in time-transgressive cultural data sets. However, it remains unclear to what extent methods originally developed to assess neutrality in genes sampled from a population at a single point in time are applicable to cultural variants sampled from assemblages. This report applies a suite of previously published methods to assemblages formed under unbiased cultural transmission. The results show that, even under the controlled conditions afforded by computer simulation, all but one method (the variants frequency approach) fail to identify unbiased cultural transmission in samples collected from moderately to severely time-averaged assemblages. While it is encouraging that the method that is best at identifying unbiased cultural transmission in simulated time-averaged data also is relatively robust to relative sample size, additional work is needed to determine whether even the variants frequency approach is p...},
	Author = {Premo, L S},
	Date-Added = {2014-10-10 23:24:58 +0000},
	Date-Modified = {2014-10-14 16:21:33 +0000},
	Doi = {10.1086/674873},
	Isbn = {0011-3204/2014/5501-0005$10.00},
	Journal = {Current Anthropology},
	Language = {English},
	Number = {1},
	Pages = {105-114},
	Publisher = {University of Chicago PressChicago, IL},
	Rating = {0},
	Read = {Yes},
	Title = {{Cultural Transmission and Diversity in Time-Averaged Assemblages}},
	Volume = {55},
	Year = {2014},
	Bdsk-File-1 = {YnBsaXN0MDDUAQIDBAUGJCVYJHZlcnNpb25YJG9iamVjdHNZJGFyY2hpdmVyVCR0b3ASAAGGoKgHCBMUFRYaIVUkbnVsbNMJCgsMDxJXTlMua2V5c1pOUy5vYmplY3RzViRjbGFzc6INDoACgAOiEBGABIAFgAdccmVsYXRpdmVQYXRoWWFsaWFzRGF0YV8QUC4uLy4uLy4uLy4uLy4uL0xpYnJhcnkucGFwZXJzMy9GaWxlcy8yRS8yRTBCQUQ1NC0xQTE2LTQxQkMtOTEzOC1DNDY0QUQ0OTQ1QTcucGRm0hcLGBlXTlMuZGF0YU8RAg4AAAAAAg4AAgAADE1hY2ludG9zaCBIRAAAAAAAAAAAAAAAAAAAANKFLzVIKwAAAAq9xh8yRTBCQUQ1NC0xQTE2LTQxQkMtOSMxNUZFOUMucGRmAAAAAAAAAAAAAAAAAAAAAAAAAAAAAAAAAAAAAAAAAAAAFf6czw0j5wAAAAAAAAAAAAUABAAACSAAAAAAAAAAAAAAAAAAAAACMkUAEAAIAADShZ+1AAAAEQAIAADPDZRnAAAAAQAYAAq9xgAKqA0ACp/aAAqMfgAJZO8ABizwAAIAXk1hY2ludG9zaCBIRDpVc2VyczoAbWFyazoARHJvcGJveDoATGlicmFyeS5wYXBlcnMzOgBGaWxlczoAMkU6ADJFMEJBRDU0LTFBMTYtNDFCQy05IzE1RkU5Qy5wZGYADgBSACgAMgBFADAAQgBBAEQANQA0AC0AMQBBADEANgAtADQAMQBCAEMALQA5ADEAMwA4AC0AQwA0ADYANABBAEQANAA5ADQANQBBADcALgBwAGQAZgAPABoADABNAGEAYwBpAG4AdABvAHMAaAAgAEgARAASAFRVc2Vycy9tYXJrL0Ryb3Bib3gvTGlicmFyeS5wYXBlcnMzL0ZpbGVzLzJFLzJFMEJBRDU0LTFBMTYtNDFCQy05MTM4LUM0NjRBRDQ5NDVBNy5wZGYAEwABLwAAFQACAAv//wAAgAbSGxwdHlokY2xhc3NuYW1lWCRjbGFzc2VzXU5TTXV0YWJsZURhdGGjHR8gVk5TRGF0YVhOU09iamVjdNIbHCIjXE5TRGljdGlvbmFyeaIiIF8QD05TS2V5ZWRBcmNoaXZlctEmJ1Ryb290gAEACAARABoAIwAtADIANwBAAEYATQBVAGAAZwBqAGwAbgBxAHMAdQB3AIQAjgDhAOYA7gMAAwIDBwMSAxsDKQMtAzQDPQNCA08DUgNkA2cDbAAAAAAAAAIBAAAAAAAAACgAAAAAAAAAAAAAAAAAAANu},
	Bdsk-Url-1 = {http://www.jstor.org/discover/10.1086/674873?uid=3739960&uid=2134&uid=2&uid=70&uid=4&uid=3739256&sid=21103413181023},
	Bdsk-Url-2 = {http://dx.doi.org/10.1086/674873?uid=3739960%7B%5C&%7Duid=2134%7B%5C&%7Duid=2%7B%5C&%7Duid=70%7B%5C&%7Duid=4%7B%5C&%7Duid=3739256%7B%5C&%7Dsid=21103413181023}}

@article{Der:2011ip,
	Author = {Der, Ricky and Epstein, Charles L and Plotkin, Joshua B},
	Date-Added = {2014-10-10 22:53:16 +0000},
	Date-Modified = {2014-10-10 22:53:16 +0000},
	Doi = {10.1016/j.tpb.2011.06.004},
	File = {{Theor_Popul_Biol_2011_Der.pdf:/Users/mark/Dropbox/Library.papers3/2011/Der/Theor_Popul_Biol_2011_Der.pdf:application/pdf}},
	Journal = {Theoretical Population Biology},
	Language = {English},
	Local-Url = {file://localhost/Users/mark/Dropbox/Library.papers3/2011/Der/Theor_Popul_Biol_2011_Der.pdf},
	Month = sep,
	Number = {2},
	Pages = {80--99},
	Rating = {0},
	Read = {Yes},
	Title = {{Generalized population models and the nature of genetic drift}},
	Uri = {\url{papers3://publication/doi/10.1016/j.tpb.2011.06.004}},
	Url = {http://linkinghub.elsevier.com/retrieve/pii/S0040580911000566},
	Volume = {80},
	Year = {2011},
	Bdsk-File-1 = {YnBsaXN0MDDUAQIDBAUGJCVYJHZlcnNpb25YJG9iamVjdHNZJGFyY2hpdmVyVCR0b3ASAAGGoKgHCBMUFRYaIVUkbnVsbNMJCgsMDxJXTlMua2V5c1pOUy5vYmplY3RzViRjbGFzc6INDoACgAOiEBGABIAFgAdccmVsYXRpdmVQYXRoWWFsaWFzRGF0YV8QRS4uLy4uLy4uLy4uLy4uL0xpYnJhcnkucGFwZXJzMy8yMDExL0Rlci9UaGVvcl9Qb3B1bF9CaW9sXzIwMTFfRGVyLnBkZtIXCxgZV05TLmRhdGFPEQHuAAAAAAHuAAIAAAxNYWNpbnRvc2ggSEQAAAAAAAAAAAAAAAAAAADShS81SCsAAAAKuPIdVGhlb3JfUG9wdWxfQmlvbF8yMDExX0Rlci5wZGYAAAAAAAAAAAAAAAAAAAAAAAAAAAAAAAAAAAAAAAAAAAAAABCWLspSGgoAAAAAAAAAAAAFAAQAAAkgAAAAAAAAAAAAAAAAAAAAA0RlcgAAEAAIAADShZ+1AAAAEQAIAADKUnx6AAAAAQAYAAq48gAKpFUACp/aAAqMfgAJZO8ABizwAAIAXE1hY2ludG9zaCBIRDpVc2VyczoAbWFyazoARHJvcGJveDoATGlicmFyeS5wYXBlcnMzOgAyMDExOgBEZXI6AFRoZW9yX1BvcHVsX0Jpb2xfMjAxMV9EZXIucGRmAA4APAAdAFQAaABlAG8AcgBfAFAAbwBwAHUAbABfAEIAaQBvAGwAXwAyADAAMQAxAF8ARABlAHIALgBwAGQAZgAPABoADABNAGEAYwBpAG4AdABvAHMAaAAgAEgARAASAElVc2Vycy9tYXJrL0Ryb3Bib3gvTGlicmFyeS5wYXBlcnMzLzIwMTEvRGVyL1RoZW9yX1BvcHVsX0Jpb2xfMjAxMV9EZXIucGRmAAATAAEvAAAVAAIAC///AACABtIbHB0eWiRjbGFzc25hbWVYJGNsYXNzZXNdTlNNdXRhYmxlRGF0YaMdHyBWTlNEYXRhWE5TT2JqZWN00hscIiNcTlNEaWN0aW9uYXJ5oiIgXxAPTlNLZXllZEFyY2hpdmVy0SYnVHJvb3SAAQAIABEAGgAjAC0AMgA3AEAARgBNAFUAYABnAGoAbABuAHEAcwB1AHcAhACOANYA2wDjAtUC1wLcAucC8AL+AwIDCQMSAxcDJAMnAzkDPANBAAAAAAAAAgEAAAAAAAAAKAAAAAAAAAAAAAAAAAAAA0M=},
	Bdsk-Url-1 = {http://linkinghub.elsevier.com/retrieve/pii/S0040580911000566},
	Bdsk-Url-2 = {http://dx.doi.org/10.1016/j.tpb.2011.06.004}}

@article{eerkens2007cultural,
	Author = {Eerkens, J.W. and Lipo, C.P.},
	Date-Added = {2014-10-10 21:50:23 +0000},
	Date-Modified = {2014-10-10 21:50:23 +0000},
	Issn = {1059-0161},
	Journal = {Journal of Archaeological Research},
	Number = {3},
	Pages = {239--274},
	Publisher = {Springer},
	Title = {Cultural transmission theory and the archaeological record: providing context to understanding variation and temporal changes in material culture},
	Volume = {15},
	Year = {2007}}

@article{Wakano:2007gq,
	Author = {Wakano, Joe Yuichiro and Aoki, Kenichi},
	Date-Added = {2014-10-10 21:47:59 +0000},
	Date-Modified = {2014-10-10 21:47:59 +0000},
	Doi = {10.1016/j.tpb.2007.04.003},
	File = {{4EA6F6AB-9C10-4B5C-8DE3-0DEB2982769B.pdf:/Users/mark/Dropbox/Library.papers3/Files/4E/4EA6F6AB-9C10-4B5C-8DE3-0DEB2982769B.pdf:application/pdf;4EA6F6AB-9C10-4B5C-8DE3-0DEB2982769B.pdf:/Users/mark/Dropbox/Library.papers3/Files/4E/4EA6F6AB-9C10-4B5C-8DE3-0DEB2982769B.pdf:application/pdf}},
	Journal = {Theoretical Population Biology},
	Language = {English},
	Local-Url = {file://localhost/Users/mark/Dropbox/Library.papers3/Files/4E/4EA6F6AB-9C10-4B5C-8DE3-0DEB2982769B.pdf},
	Month = dec,
	Number = {4},
	Pages = {504--512},
	Rating = {0},
	Read = {Yes},
	Title = {{Do social learning and conformist bias coevolve? Henrich and Boyd revisited}},
	Uri = {\url{papers3://publication/doi/10.1016/j.tpb.2007.04.003}},
	Url = {http://linkinghub.elsevier.com/retrieve/pii/S0040580907000433},
	Volume = {72},
	Year = {2007},
	Bdsk-File-1 = {YnBsaXN0MDDUAQIDBAUGJCVYJHZlcnNpb25YJG9iamVjdHNZJGFyY2hpdmVyVCR0b3ASAAGGoKgHCBMUFRYaIVUkbnVsbNMJCgsMDxJXTlMua2V5c1pOUy5vYmplY3RzViRjbGFzc6INDoACgAOiEBGABIAFgAdccmVsYXRpdmVQYXRoWWFsaWFzRGF0YV8QUC4uLy4uLy4uLy4uLy4uL0xpYnJhcnkucGFwZXJzMy9GaWxlcy80RS80RUE2RjZBQi05QzEwLTRCNUMtOERFMy0wREVCMjk4Mjc2OUIucGRm0hcLGBlXTlMuZGF0YU8RAg4AAAAAAg4AAgAADE1hY2ludG9zaCBIRAAAAAAAAAAAAAAAAAAAANKFLzVIKwAAAAq5Wh80RUE2RjZBQi05QzEwLTRCNUMtOCMxNEY2MDgucGRmAAAAAAAAAAAAAAAAAAAAAAAAAAAAAAAAAAAAAAAAAAAAFPYI0F0LfwAAAAAAAAAAAAUABAAACSAAAAAAAAAAAAAAAAAAAAACNEUAEAAIAADShZ+1AAAAEQAIAADQXW3vAAAAAQAYAAq5WgAKqA0ACp/aAAqMfgAJZO8ABizwAAIAXk1hY2ludG9zaCBIRDpVc2VyczoAbWFyazoARHJvcGJveDoATGlicmFyeS5wYXBlcnMzOgBGaWxlczoANEU6ADRFQTZGNkFCLTlDMTAtNEI1Qy04IzE0RjYwOC5wZGYADgBSACgANABFAEEANgBGADYAQQBCAC0AOQBDADEAMAAtADQAQgA1AEMALQA4AEQARQAzAC0AMABEAEUAQgAyADkAOAAyADcANgA5AEIALgBwAGQAZgAPABoADABNAGEAYwBpAG4AdABvAHMAaAAgAEgARAASAFRVc2Vycy9tYXJrL0Ryb3Bib3gvTGlicmFyeS5wYXBlcnMzL0ZpbGVzLzRFLzRFQTZGNkFCLTlDMTAtNEI1Qy04REUzLTBERUIyOTgyNzY5Qi5wZGYAEwABLwAAFQACAAv//wAAgAbSGxwdHlokY2xhc3NuYW1lWCRjbGFzc2VzXU5TTXV0YWJsZURhdGGjHR8gVk5TRGF0YVhOU09iamVjdNIbHCIjXE5TRGljdGlvbmFyeaIiIF8QD05TS2V5ZWRBcmNoaXZlctEmJ1Ryb290gAEACAARABoAIwAtADIANwBAAEYATQBVAGAAZwBqAGwAbgBxAHMAdQB3AIQAjgDhAOYA7gMAAwIDBwMSAxsDKQMtAzQDPQNCA08DUgNkA2cDbAAAAAAAAAIBAAAAAAAAACgAAAAAAAAAAAAAAAAAAANu},
	Bdsk-Url-1 = {http://linkinghub.elsevier.com/retrieve/pii/S0040580907000433},
	Bdsk-Url-2 = {http://dx.doi.org/10.1016/j.tpb.2007.04.003}}

@article{Henrich:1998ek,
	Author = {Henrich, Joe and Boyd, Robert},
	Date-Added = {2014-10-10 21:47:59 +0000},
	Date-Modified = {2014-10-10 21:47:59 +0000},
	Doi = {10.1016/S1090-5138(98)00018-X},
	File = {{85BF84B6-730A-4568-AFDD-692DCFEF64A6.pdf:/Users/mark/Dropbox/Library.papers3/Files/85/85BF84B6-730A-4568-AFDD-692DCFEF64A6.pdf:application/pdf;85BF84B6-730A-4568-AFDD-692DCFEF64A6.pdf:/Users/mark/Dropbox/Library.papers3/Files/85/85BF84B6-730A-4568-AFDD-692DCFEF64A6.pdf:application/pdf}},
	Journal = {Evolution and Human Behavior},
	Language = {English},
	Local-Url = {file://localhost/Users/mark/Dropbox/Library.papers3/Files/85/85BF84B6-730A-4568-AFDD-692DCFEF64A6.pdf},
	Month = jul,
	Number = {4},
	Pages = {215--241},
	Rating = {0},
	Read = {Yes},
	Title = {{The Evolution of Conformist Transmission and the Emergence of Between-Group Differences}},
	Uri = {\url{papers3://publication/doi/10.1016/S1090-5138(98)00018-X}},
	Url = {http://linkinghub.elsevier.com/retrieve/pii/S109051389800018X},
	Volume = {19},
	Year = {1998},
	Bdsk-File-1 = {YnBsaXN0MDDUAQIDBAUGJCVYJHZlcnNpb25YJG9iamVjdHNZJGFyY2hpdmVyVCR0b3ASAAGGoKgHCBMUFRYaIVUkbnVsbNMJCgsMDxJXTlMua2V5c1pOUy5vYmplY3RzViRjbGFzc6INDoACgAOiEBGABIAFgAdccmVsYXRpdmVQYXRoWWFsaWFzRGF0YV8QUC4uLy4uLy4uLy4uLy4uL0xpYnJhcnkucGFwZXJzMy9GaWxlcy84NS84NUJGODRCNi03MzBBLTQ1NjgtQUZERC02OTJEQ0ZFRjY0QTYucGRm0hcLGBlXTlMuZGF0YU8RAg4AAAAAAg4AAgAADE1hY2ludG9zaCBIRAAAAAAAAAAAAAAAAAAAANKFLzVIKwAAAArA/R84NUJGODRCNi03MzBBLTQ1NjgtQSMxNjFCQkIucGRmAAAAAAAAAAAAAAAAAAAAAAAAAAAAAAAAAAAAAAAAAAAAFhu70F0LfwAAAAAAAAAAAAUABAAACSAAAAAAAAAAAAAAAAAAAAACODUAEAAIAADShZ+1AAAAEQAIAADQXW3vAAAAAQAYAArA/QAKqA0ACp/aAAqMfgAJZO8ABizwAAIAXk1hY2ludG9zaCBIRDpVc2VyczoAbWFyazoARHJvcGJveDoATGlicmFyeS5wYXBlcnMzOgBGaWxlczoAODU6ADg1QkY4NEI2LTczMEEtNDU2OC1BIzE2MUJCQi5wZGYADgBSACgAOAA1AEIARgA4ADQAQgA2AC0ANwAzADAAQQAtADQANQA2ADgALQBBAEYARABEAC0ANgA5ADIARABDAEYARQBGADYANABBADYALgBwAGQAZgAPABoADABNAGEAYwBpAG4AdABvAHMAaAAgAEgARAASAFRVc2Vycy9tYXJrL0Ryb3Bib3gvTGlicmFyeS5wYXBlcnMzL0ZpbGVzLzg1Lzg1QkY4NEI2LTczMEEtNDU2OC1BRkRELTY5MkRDRkVGNjRBNi5wZGYAEwABLwAAFQACAAv//wAAgAbSGxwdHlokY2xhc3NuYW1lWCRjbGFzc2VzXU5TTXV0YWJsZURhdGGjHR8gVk5TRGF0YVhOU09iamVjdNIbHCIjXE5TRGljdGlvbmFyeaIiIF8QD05TS2V5ZWRBcmNoaXZlctEmJ1Ryb290gAEACAARABoAIwAtADIANwBAAEYATQBVAGAAZwBqAGwAbgBxAHMAdQB3AIQAjgDhAOYA7gMAAwIDBwMSAxsDKQMtAzQDPQNCA08DUgNkA2cDbAAAAAAAAAIBAAAAAAAAACgAAAAAAAAAAAAAAAAAAANu},
	Bdsk-Url-1 = {http://linkinghub.elsevier.com/retrieve/pii/S109051389800018X},
	Bdsk-Url-2 = {http://dx.doi.org/10.1016/S1090-5138(98)00018-X}}

@article{kohler2004,
	Author = {Kohler, T. A. and VanBuskirk, S. and Ruscavage-Barz, S.},
	Date-Added = {2014-10-10 21:26:03 +0000},
	Date-Modified = {2014-10-10 22:05:01 +0000},
	Journal = {Journal of Anthropological Archaeology},
	Number = {1},
	Pages = {100-118},
	Title = {Vessels and villages: evidence for conformist transmission in early village aggregations on the Pajarito Plateau, New Mexico},
	Volume = {23},
	Year = {2004}}

@article{shennan2001ceramic,
	Author = {Shennan, S.J. and Wilkinson, J.R.},
	Date-Added = {2014-10-10 21:26:03 +0000},
	Date-Modified = {2014-10-10 21:26:03 +0000},
	Issn = {0002-7316},
	Journal = {American Antiquity},
	Number = {4},
	Pages = {577--593},
	Publisher = {JSTOR},
	Title = {Ceramic style change and neutral evolution: A case study from neolithic Europe},
	Volume = {66},
	Year = {2001}}

@article{steele2010ceramic,
	Author = {Steele, J. and Glatz, C. and Kandler, A.},
	Date-Added = {2014-10-10 21:26:03 +0000},
	Date-Modified = {2014-10-10 21:26:03 +0000},
	Issn = {0305-4403},
	Journal = {Journal of Archaeological Science},
	Number = {6},
	Pages = {1348--1358},
	Publisher = {Elsevier},
	Title = {Ceramic diversity, random copying, and tests for selectivity in ceramic production},
	Volume = {37},
	Year = {2010}}

@article{Rorabaugh:2014fl,
	Author = {Rorabaugh, Adam N},
	Date-Added = {2014-10-10 21:24:29 +0000},
	Date-Modified = {2014-10-10 21:24:29 +0000},
	Doi = {10.1016/j.jas.2014.05.016},
	File = {{07D2D3EF-4392-4B39-87FD-E68AE857AD33.pdf:/Users/mark/Dropbox/Library.papers3/Files/07/07D2D3EF-4392-4B39-87FD-E68AE857AD33.pdf:application/pdf;07D2D3EF-4392-4B39-87FD-E68AE857AD33.pdf:/Users/mark/Dropbox/Library.papers3/Files/07/07D2D3EF-4392-4B39-87FD-E68AE857AD33.pdf:application/pdf}},
	Journal = {Journal of Archaeological Science},
	Language = {English},
	Local-Url = {file://localhost/Users/mark/Dropbox/Library.papers3/Files/07/07D2D3EF-4392-4B39-87FD-E68AE857AD33.pdf},
	Month = sep,
	Pages = {255--264},
	Rating = {0},
	Read = {Yes},
	Title = {{Impacts of drift and population bottlenecks on the cultural transmission of a neutral continuous trait: an agent based model}},
	Uri = {\url{papers3://publication/doi/10.1016/j.jas.2014.05.016}},
	Url = {http://linkinghub.elsevier.com/retrieve/pii/S0305440314001940},
	Volume = {49},
	Year = {2014},
	Bdsk-File-1 = {YnBsaXN0MDDUAQIDBAUGJCVYJHZlcnNpb25YJG9iamVjdHNZJGFyY2hpdmVyVCR0b3ASAAGGoKgHCBMUFRYaIVUkbnVsbNMJCgsMDxJXTlMua2V5c1pOUy5vYmplY3RzViRjbGFzc6INDoACgAOiEBGABIAFgAdccmVsYXRpdmVQYXRoWWFsaWFzRGF0YV8QUC4uLy4uLy4uLy4uLy4uL0xpYnJhcnkucGFwZXJzMy9GaWxlcy8wNy8wN0QyRDNFRi00MzkyLTRCMzktODdGRC1FNjhBRTg1N0FEMzMucGRm0hcLGBlXTlMuZGF0YU8RAg4AAAAAAg4AAgAADE1hY2ludG9zaCBIRAAAAAAAAAAAAAAAAAAAANKFLzVIKwAAAAq5Mx8wN0QyRDNFRi00MzkyLTRCMzktOCMxNjFCQjQucGRmAAAAAAAAAAAAAAAAAAAAAAAAAAAAAAAAAAAAAAAAAAAAFhu00F0LfwAAAAAAAAAAAAUABAAACSAAAAAAAAAAAAAAAAAAAAACMDcAEAAIAADShZ+1AAAAEQAIAADQXW3vAAAAAQAYAAq5MwAKqA0ACp/aAAqMfgAJZO8ABizwAAIAXk1hY2ludG9zaCBIRDpVc2VyczoAbWFyazoARHJvcGJveDoATGlicmFyeS5wYXBlcnMzOgBGaWxlczoAMDc6ADA3RDJEM0VGLTQzOTItNEIzOS04IzE2MUJCNC5wZGYADgBSACgAMAA3AEQAMgBEADMARQBGAC0ANAAzADkAMgAtADQAQgAzADkALQA4ADcARgBEAC0ARQA2ADgAQQBFADgANQA3AEEARAAzADMALgBwAGQAZgAPABoADABNAGEAYwBpAG4AdABvAHMAaAAgAEgARAASAFRVc2Vycy9tYXJrL0Ryb3Bib3gvTGlicmFyeS5wYXBlcnMzL0ZpbGVzLzA3LzA3RDJEM0VGLTQzOTItNEIzOS04N0ZELUU2OEFFODU3QUQzMy5wZGYAEwABLwAAFQACAAv//wAAgAbSGxwdHlokY2xhc3NuYW1lWCRjbGFzc2VzXU5TTXV0YWJsZURhdGGjHR8gVk5TRGF0YVhOU09iamVjdNIbHCIjXE5TRGljdGlvbmFyeaIiIF8QD05TS2V5ZWRBcmNoaXZlctEmJ1Ryb290gAEACAARABoAIwAtADIANwBAAEYATQBVAGAAZwBqAGwAbgBxAHMAdQB3AIQAjgDhAOYA7gMAAwIDBwMSAxsDKQMtAzQDPQNCA08DUgNkA2cDbAAAAAAAAAIBAAAAAAAAACgAAAAAAAAAAAAAAAAAAANu},
	Bdsk-Url-1 = {http://linkinghub.elsevier.com/retrieve/pii/S0305440314001940},
	Bdsk-Url-2 = {http://dx.doi.org/10.1016/j.jas.2014.05.016}}

@article{Bentley2003,
	Author = {Bentley, R. A. and Shennan, S. J.},
	Date-Added = {2014-10-10 21:11:53 +0000},
	Date-Modified = {2014-10-10 21:11:53 +0000},
	Journal = {American Antiquity},
	Number = {3},
	Pages = {459-485},
	Title = {Cultural transmission and stochastic network growth},
	Volume = {68},
	Year = {2003}}

@article{bentley2007regular,
	Author = {Bentley, R.A. and Lipo, C.P. and Herzog, H.A. and Hahn, M.W.},
	Date-Added = {2014-10-10 21:11:53 +0000},
	Date-Modified = {2014-10-10 21:11:53 +0000},
	Issn = {1090-5138},
	Journal = {Evolution and Human Behavior},
	Number = {3},
	Pages = {151--158},
	Publisher = {Elsevier},
	Title = {Regular rates of popular culture change reflect random copying},
	Volume = {28},
	Year = {2007}}

@article{bentley2004random,
	Author = {Bentley, R.A. and Hahn, M.W. and Shennan, S.J.},
	Date-Added = {2014-10-10 21:11:53 +0000},
	Date-Modified = {2014-10-10 21:11:53 +0000},
	Issn = {0962-8452},
	Journal = {Proceedings of the Royal Society of London. Series B: Biological Sciences},
	Number = {1547},
	Pages = {1443--1450},
	Publisher = {The Royal Society},
	Title = {Random drift and culture change},
	Volume = {271},
	Year = {2004}}

@article{Blythe2011space,
	Author = {Richard A Blythe},
	Date-Added = {2014-10-10 21:11:53 +0000},
	Date-Modified = {2014-10-10 21:11:53 +0000},
	Eprint = {1104.0529},
	Journal = {Arxiv.org preprint},
	Month = {04},
	Title = {Random copying in space},
	Url = {http://arxiv.org/abs/1104.0529},
	Year = {2011},
	Bdsk-Url-1 = {http://arxiv.org/abs/1104.0529}}

@book{BR1985,
	Address = {Chicago},
	Author = {Boyd, R. and Richerson, P.J.},
	Date-Added = {2014-10-10 21:11:53 +0000},
	Date-Modified = {2014-10-10 21:11:53 +0000},
	Publisher = {University of Chicago Press},
	Title = {Culture and the Evolutionary Process},
	Year = {1985}}

@article{cavalli1973models,
	Author = {Cavalli-Sforza, L. and Feldman, M.W.},
	Date-Added = {2014-10-10 21:11:53 +0000},
	Date-Modified = {2014-10-10 21:11:53 +0000},
	Journal = {Theoretical Population Biology},
	Number = {1},
	Pages = {42--55},
	Publisher = {Stanford Univ., CA},
	Title = {{Models for cultural inheritance. I. Group mean and within group variation}},
	Volume = {4},
	Year = {1973}}

@article{cavalli1973cultural,
	Author = {Cavalli-Sforza, L.L. and Feldman, M.W.},
	Date-Added = {2014-10-10 21:11:53 +0000},
	Date-Modified = {2014-10-10 21:11:53 +0000},
	Journal = {American Journal of Human Genetics},
	Number = {6},
	Pages = {618--637},
	Publisher = {Elsevier},
	Title = {Cultural versus biological inheritance: phenotypic transmission from parents to children.(A theory of the effect of parental phenotypes on children's phenotypes).},
	Volume = {25},
	Year = {1973}}

@book{CF1981,
	Address = {Princeton},
	Author = {Cavalli-Sforza, L.L. and Feldman, Marcus W.},
	Date-Added = {2014-10-10 21:11:53 +0000},
	Date-Modified = {2014-10-10 21:11:53 +0000},
	Publisher = {Princeton University Press},
	Title = {Cultural Transmission and Evolution: A Quantitative Approach.},
	Year = {1981}}

@article{Bonham:2009bi,
	Abstract = {It has been suggested that, during the Pliocene (ca 5-1.8Ma), an El Ni{\~n}o state existed as a permanent rather than an intermittent feature; that is, the tropical Pacific Ocean was characterized by a much weaker east-west gradient than today. One line of inquiry used to investigate this idea relates modern El Ni{\~n}o teleconnections to Pliocene proxy data by comparing regional differences in precipitation and surface temperature with climate patterns associated with present-day El Ni{\~n}o events, assuming that agreement between Pliocene data and observations of modern El Ni{\~n}o events supports this interpretation. Here, we examine this assumption by comparing outputs from a suite of Mid-Pliocene climate simulations carried out with the UK Met Office climate model. Regional patterns of climate change associated with changes in model boundary conditions are compared with observed El Ni{\~n}o-Southern Oscillation teleconnection patterns. Our results indicate that many of the proposed 'permanent El Ni{\~n}o' surface temperature and precipitation patterns are observable in Mid-Pliocene climate simulations even when they display variability in tropical Pacific sea surface temperatures (SSTs) or when forced with a modern east-west SST gradient. Our experiments highlight the possibility that the same outcome may be achieved through different initial conditions (equifinality); an important consideration for reconstructed patterns of regional Mid-Pliocene climate.},
	Affiliation = {School of Earth and Environment, University of Leeds, Leeds LS2 9JT, UK. s.bonham@leeds.ac.uk},
	Author = {Bonham, Sarah G and Haywood, Alan M and Lunt, Daniel J and Collins, Mathew and Salzmann, Ulrich},
	Date-Added = {2014-10-10 21:06:18 +0000},
	Date-Modified = {2014-10-10 21:06:18 +0000},
	Doi = {10.1098/rsta.2008.0212},
	File = {{F121AFF1-0FA3-4B13-94AD-FD4DD59F3AB7.pdf:/Users/mark/Dropbox/Library.papers3/Files/F1/F121AFF1-0FA3-4B13-94AD-FD4DD59F3AB7.pdf:application/pdf;F121AFF1-0FA3-4B13-94AD-FD4DD59F3AB7.pdf:/Users/mark/Dropbox/Library.papers3/Files/F1/F121AFF1-0FA3-4B13-94AD-FD4DD59F3AB7.pdf:application/pdf}},
	Journal = {Philosophical Transactions of the Royal Society A: Mathematical, Physical and Engineering Sciences},
	Language = {English},
	Local-Url = {file://localhost/Users/mark/Dropbox/Library.papers3/Files/F1/F121AFF1-0FA3-4B13-94AD-FD4DD59F3AB7.pdf},
	Month = jan,
	Number = {1886},
	Pages = {127--156},
	Pmid = {18926968},
	Publisher = {The Royal Society},
	Rating = {0},
	Read = {Yes},
	Title = {{El Ni{\~n}o-Southern Oscillation, Pliocene climate and equifinality.}},
	Uri = {\url{papers3://publication/doi/10.1098/rsta.2008.0212}},
	Url = {http://rsta.royalsocietypublishing.org.offcampus.lib.washington.edu/content/367/1886/127.full},
	Volume = {367},
	Year = {2009},
	Bdsk-File-1 = {YnBsaXN0MDDUAQIDBAUGJCVYJHZlcnNpb25YJG9iamVjdHNZJGFyY2hpdmVyVCR0b3ASAAGGoKgHCBMUFRYaIVUkbnVsbNMJCgsMDxJXTlMua2V5c1pOUy5vYmplY3RzViRjbGFzc6INDoACgAOiEBGABIAFgAdccmVsYXRpdmVQYXRoWWFsaWFzRGF0YV8QUC4uLy4uLy4uLy4uLy4uL0xpYnJhcnkucGFwZXJzMy9GaWxlcy9GMS9GMTIxQUZGMS0wRkEzLTRCMTMtOTRBRC1GRDRERDU5RjNBQjcucGRm0hcLGBlXTlMuZGF0YU8RAg4AAAAAAg4AAgAADE1hY2ludG9zaCBIRAAAAAAAAAAAAAAAAAAAANKFLzVIKwAAAAq/0x9GMTIxQUZGMS0wRkEzLTRCMTMtOSMxNjFCQUQucGRmAAAAAAAAAAAAAAAAAAAAAAAAAAAAAAAAAAAAAAAAAAAAFhut0F2WfQAAAAAAAAAAAAUABAAACSAAAAAAAAAAAAAAAAAAAAACRjEAEAAIAADShZ+1AAAAEQAIAADQXfjtAAAAAQAYAAq/0wAKqA0ACp/aAAqMfgAJZO8ABizwAAIAXk1hY2ludG9zaCBIRDpVc2VyczoAbWFyazoARHJvcGJveDoATGlicmFyeS5wYXBlcnMzOgBGaWxlczoARjE6AEYxMjFBRkYxLTBGQTMtNEIxMy05IzE2MUJBRC5wZGYADgBSACgARgAxADIAMQBBAEYARgAxAC0AMABGAEEAMwAtADQAQgAxADMALQA5ADQAQQBEAC0ARgBEADQARABEADUAOQBGADMAQQBCADcALgBwAGQAZgAPABoADABNAGEAYwBpAG4AdABvAHMAaAAgAEgARAASAFRVc2Vycy9tYXJrL0Ryb3Bib3gvTGlicmFyeS5wYXBlcnMzL0ZpbGVzL0YxL0YxMjFBRkYxLTBGQTMtNEIxMy05NEFELUZENERENTlGM0FCNy5wZGYAEwABLwAAFQACAAv//wAAgAbSGxwdHlokY2xhc3NuYW1lWCRjbGFzc2VzXU5TTXV0YWJsZURhdGGjHR8gVk5TRGF0YVhOU09iamVjdNIbHCIjXE5TRGljdGlvbmFyeaIiIF8QD05TS2V5ZWRBcmNoaXZlctEmJ1Ryb290gAEACAARABoAIwAtADIANwBAAEYATQBVAGAAZwBqAGwAbgBxAHMAdQB3AIQAjgDhAOYA7gMAAwIDBwMSAxsDKQMtAzQDPQNCA08DUgNkA2cDbAAAAAAAAAIBAAAAAAAAACgAAAAAAAAAAAAAAAAAAANu},
	Bdsk-Url-1 = {http://rsta.royalsocietypublishing.org.offcampus.lib.washington.edu/content/367/1886/127.full},
	Bdsk-Url-2 = {http://dx.doi.org/10.1098/rsta.2008.0212}}

@article{Culling:1987kx,
	Author = {Culling, W E H},
	Date-Added = {2014-10-10 21:06:18 +0000},
	Date-Modified = {2014-10-10 21:06:18 +0000},
	Doi = {10.2307/622577},
	File = {{12E90585-0B1F-4D29-9E9D-83A2EE5407A9.pdf:/Users/mark/Dropbox/Library.papers3/Files/12/12E90585-0B1F-4D29-9E9D-83A2EE5407A9.pdf:application/pdf;12E90585-0B1F-4D29-9E9D-83A2EE5407A9.pdf:/Users/mark/Dropbox/Library.papers3/Files/12/12E90585-0B1F-4D29-9E9D-83A2EE5407A9.pdf:application/pdf}},
	Journal = {Transactions of the Institute of British Geographers},
	Local-Url = {file://localhost/Users/mark/Dropbox/Library.papers3/Files/12/12E90585-0B1F-4D29-9E9D-83A2EE5407A9.pdf},
	Number = {1},
	Pages = {57},
	Rating = {0},
	Read = {Yes},
	Title = {{Equifinality: Modern Approaches to Dynamical Systems and Their Potential for Geographical Thought}},
	Uri = {\url{papers3://publication/doi/10.2307/622577}},
	Url = {http://www.jstor.org/stable/622577?origin=crossref},
	Volume = {12},
	Year = {1987},
	Bdsk-File-1 = {YnBsaXN0MDDUAQIDBAUGJCVYJHZlcnNpb25YJG9iamVjdHNZJGFyY2hpdmVyVCR0b3ASAAGGoKgHCBMUFRYaIVUkbnVsbNMJCgsMDxJXTlMua2V5c1pOUy5vYmplY3RzViRjbGFzc6INDoACgAOiEBGABIAFgAdccmVsYXRpdmVQYXRoWWFsaWFzRGF0YV8QUC4uLy4uLy4uLy4uLy4uL0xpYnJhcnkucGFwZXJzMy9GaWxlcy8xMi8xMkU5MDU4NS0wQjFGLTREMjktOUU5RC04M0EyRUU1NDA3QTkucGRm0hcLGBlXTlMuZGF0YU8RAg4AAAAAAg4AAgAADE1hY2ludG9zaCBIRAAAAAAAAAAAAAAAAAAAANKFLzVIKwAAAArA/B8xMkU5MDU4NS0wQjFGLTREMjktOSMxNjFCQTYucGRmAAAAAAAAAAAAAAAAAAAAAAAAAAAAAAAAAAAAAAAAAAAAFhum0F2WEwAAAAAAAAAAAAUABAAACSAAAAAAAAAAAAAAAAAAAAACMTIAEAAIAADShZ+1AAAAEQAIAADQXfiDAAAAAQAYAArA/AAKqA0ACp/aAAqMfgAJZO8ABizwAAIAXk1hY2ludG9zaCBIRDpVc2VyczoAbWFyazoARHJvcGJveDoATGlicmFyeS5wYXBlcnMzOgBGaWxlczoAMTI6ADEyRTkwNTg1LTBCMUYtNEQyOS05IzE2MUJBNi5wZGYADgBSACgAMQAyAEUAOQAwADUAOAA1AC0AMABCADEARgAtADQARAAyADkALQA5AEUAOQBEAC0AOAAzAEEAMgBFAEUANQA0ADAANwBBADkALgBwAGQAZgAPABoADABNAGEAYwBpAG4AdABvAHMAaAAgAEgARAASAFRVc2Vycy9tYXJrL0Ryb3Bib3gvTGlicmFyeS5wYXBlcnMzL0ZpbGVzLzEyLzEyRTkwNTg1LTBCMUYtNEQyOS05RTlELTgzQTJFRTU0MDdBOS5wZGYAEwABLwAAFQACAAv//wAAgAbSGxwdHlokY2xhc3NuYW1lWCRjbGFzc2VzXU5TTXV0YWJsZURhdGGjHR8gVk5TRGF0YVhOU09iamVjdNIbHCIjXE5TRGljdGlvbmFyeaIiIF8QD05TS2V5ZWRBcmNoaXZlctEmJ1Ryb290gAEACAARABoAIwAtADIANwBAAEYATQBVAGAAZwBqAGwAbgBxAHMAdQB3AIQAjgDhAOYA7gMAAwIDBwMSAxsDKQMtAzQDPQNCA08DUgNkA2cDbAAAAAAAAAIBAAAAAAAAACgAAAAAAAAAAAAAAAAAAANu},
	Bdsk-Url-1 = {http://www.jstor.org/stable/622577?origin=crossref},
	Bdsk-Url-2 = {http://dx.doi.org/10.2307/622577}}

@article{Phillips:1997kx,
	Author = {Phillips, Jonathan},
	Date-Added = {2014-10-10 21:06:18 +0000},
	Date-Modified = {2014-10-10 21:06:18 +0000},
	Doi = {10.1111/j.1538-4632.1997.tb00942.x},
	Journal = {Geographical Analysis},
	Language = {English},
	Month = jan,
	Number = {1},
	Pages = {1--15},
	Publisher = {Blackwell Publishing Ltd},
	Rating = {0},
	Read = {Yes},
	Title = {{Simplexity and the Reinvention of Equifinality}},
	Uri = {\url{papers3://publication/doi/10.1111/j.1538-4632.1997.tb00942.x}},
	Url = {http://doi.wiley.com/10.1111/j.1538-4632.1997.tb00942.x},
	Volume = {29},
	Year = {1997},
	Bdsk-Url-1 = {http://doi.wiley.com/10.1111/j.1538-4632.1997.tb00942.x},
	Bdsk-Url-2 = {http://dx.doi.org/10.1111/j.1538-4632.1997.tb00942.x}}

@article{Savenije:2001fe,
	Author = {Savenije, Hubert H G},
	Date-Added = {2014-10-10 21:06:18 +0000},
	Date-Modified = {2014-10-10 21:06:18 +0000},
	Doi = {10.1002/hyp.494},
	File = {{91ED05AC-AB8A-4EED-9295-88FC2AE18E81.pdf:/Users/mark/Dropbox/Library.papers3/Files/91/91ED05AC-AB8A-4EED-9295-88FC2AE18E81.pdf:application/pdf;91ED05AC-AB8A-4EED-9295-88FC2AE18E81.pdf:/Users/mark/Dropbox/Library.papers3/Files/91/91ED05AC-AB8A-4EED-9295-88FC2AE18E81.pdf:application/pdf}},
	Journal = {Hydrological Processes},
	Language = {English},
	Local-Url = {file://localhost/Users/mark/Dropbox/Library.papers3/Files/91/91ED05AC-AB8A-4EED-9295-88FC2AE18E81.pdf},
	Month = oct,
	Number = {14},
	Pages = {2835--2838},
	Publisher = {John Wiley {\&} Sons, Ltd.},
	Rating = {0},
	Read = {Yes},
	Title = {{Equifinality, a blessing in disguise?}},
	Uri = {\url{papers3://publication/doi/10.1002/hyp.494}},
	Url = {http://doi.wiley.com/10.1002/hyp.494},
	Volume = {15},
	Year = {2001},
	Bdsk-File-1 = {YnBsaXN0MDDUAQIDBAUGJCVYJHZlcnNpb25YJG9iamVjdHNZJGFyY2hpdmVyVCR0b3ASAAGGoKgHCBMUFRYaIVUkbnVsbNMJCgsMDxJXTlMua2V5c1pOUy5vYmplY3RzViRjbGFzc6INDoACgAOiEBGABIAFgAdccmVsYXRpdmVQYXRoWWFsaWFzRGF0YV8QUC4uLy4uLy4uLy4uLy4uL0xpYnJhcnkucGFwZXJzMy9GaWxlcy85MS85MUVEMDVBQy1BQjhBLTRFRUQtOTI5NS04OEZDMkFFMThFODEucGRm0hcLGBlXTlMuZGF0YU8RAg4AAAAAAg4AAgAADE1hY2ludG9zaCBIRAAAAAAAAAAAAAAAAAAAANKFLzVIKwAAAAq+9h85MUVEMDVBQy1BQjhBLTRFRUQtOSMxNjFCQTQucGRmAAAAAAAAAAAAAAAAAAAAAAAAAAAAAAAAAAAAAAAAAAAAFhuk0F0LfwAAAAAAAAAAAAUABAAACSAAAAAAAAAAAAAAAAAAAAACOTEAEAAIAADShZ+1AAAAEQAIAADQXW3vAAAAAQAYAAq+9gAKqA0ACp/aAAqMfgAJZO8ABizwAAIAXk1hY2ludG9zaCBIRDpVc2VyczoAbWFyazoARHJvcGJveDoATGlicmFyeS5wYXBlcnMzOgBGaWxlczoAOTE6ADkxRUQwNUFDLUFCOEEtNEVFRC05IzE2MUJBNC5wZGYADgBSACgAOQAxAEUARAAwADUAQQBDAC0AQQBCADgAQQAtADQARQBFAEQALQA5ADIAOQA1AC0AOAA4AEYAQwAyAEEARQAxADgARQA4ADEALgBwAGQAZgAPABoADABNAGEAYwBpAG4AdABvAHMAaAAgAEgARAASAFRVc2Vycy9tYXJrL0Ryb3Bib3gvTGlicmFyeS5wYXBlcnMzL0ZpbGVzLzkxLzkxRUQwNUFDLUFCOEEtNEVFRC05Mjk1LTg4RkMyQUUxOEU4MS5wZGYAEwABLwAAFQACAAv//wAAgAbSGxwdHlokY2xhc3NuYW1lWCRjbGFzc2VzXU5TTXV0YWJsZURhdGGjHR8gVk5TRGF0YVhOU09iamVjdNIbHCIjXE5TRGljdGlvbmFyeaIiIF8QD05TS2V5ZWRBcmNoaXZlctEmJ1Ryb290gAEACAARABoAIwAtADIANwBAAEYATQBVAGAAZwBqAGwAbgBxAHMAdQB3AIQAjgDhAOYA7gMAAwIDBwMSAxsDKQMtAzQDPQNCA08DUgNkA2cDbAAAAAAAAAIBAAAAAAAAACgAAAAAAAAAAAAAAAAAAANu},
	Bdsk-Url-1 = {http://doi.wiley.com/10.1002/hyp.494},
	Bdsk-Url-2 = {http://dx.doi.org/10.1002/hyp.494}}

@article{Aronica:1998dm,
	Author = {Aronica, G and Hankin, B and Beven, K},
	Date-Added = {2014-10-10 21:06:18 +0000},
	Date-Modified = {2014-10-10 21:06:18 +0000},
	Doi = {10.1016/S0309-1708(98)00017-7},
	File = {{9288A943-AA5B-49AB-98A9-698A05BE9B92.pdf:/Users/mark/Dropbox/Library.papers3/Files/92/9288A943-AA5B-49AB-98A9-698A05BE9B92.pdf:application/pdf;9288A943-AA5B-49AB-98A9-698A05BE9B92.pdf:/Users/mark/Dropbox/Library.papers3/Files/92/9288A943-AA5B-49AB-98A9-698A05BE9B92.pdf:application/pdf}},
	Journal = {Advances in Water Resources},
	Language = {English},
	Local-Url = {file://localhost/Users/mark/Dropbox/Library.papers3/Files/92/9288A943-AA5B-49AB-98A9-698A05BE9B92.pdf},
	Month = oct,
	Number = {4},
	Pages = {349--365},
	Rating = {0},
	Read = {Yes},
	Title = {{Uncertainty and equifinality in calibrating distributed roughness coefficients in a flood propagation model with limited data}},
	Uri = {\url{papers3://publication/doi/10.1016/S0309-1708(98)00017-7}},
	Url = {http://linkinghub.elsevier.com/retrieve/pii/S0309170898000177},
	Volume = {22},
	Year = {1998},
	Bdsk-File-1 = {YnBsaXN0MDDUAQIDBAUGJCVYJHZlcnNpb25YJG9iamVjdHNZJGFyY2hpdmVyVCR0b3ASAAGGoKgHCBMUFRYaIVUkbnVsbNMJCgsMDxJXTlMua2V5c1pOUy5vYmplY3RzViRjbGFzc6INDoACgAOiEBGABIAFgAdccmVsYXRpdmVQYXRoWWFsaWFzRGF0YV8QUC4uLy4uLy4uLy4uLy4uL0xpYnJhcnkucGFwZXJzMy9GaWxlcy85Mi85Mjg4QTk0My1BQTVCLTQ5QUItOThBOS02OThBMDVCRTlCOTIucGRm0hcLGBlXTlMuZGF0YU8RAg4AAAAAAg4AAgAADE1hY2ludG9zaCBIRAAAAAAAAAAAAAAAAAAAANKFLzVIKwAAAArAax85Mjg4QTk0My1BQTVCLTQ5QUItOSMxNjFCQTIucGRmAAAAAAAAAAAAAAAAAAAAAAAAAAAAAAAAAAAAAAAAAAAAFhui0F0LfwAAAAAAAAAAAAUABAAACSAAAAAAAAAAAAAAAAAAAAACOTIAEAAIAADShZ+1AAAAEQAIAADQXW3vAAAAAQAYAArAawAKqA0ACp/aAAqMfgAJZO8ABizwAAIAXk1hY2ludG9zaCBIRDpVc2VyczoAbWFyazoARHJvcGJveDoATGlicmFyeS5wYXBlcnMzOgBGaWxlczoAOTI6ADkyODhBOTQzLUFBNUItNDlBQi05IzE2MUJBMi5wZGYADgBSACgAOQAyADgAOABBADkANAAzAC0AQQBBADUAQgAtADQAOQBBAEIALQA5ADgAQQA5AC0ANgA5ADgAQQAwADUAQgBFADkAQgA5ADIALgBwAGQAZgAPABoADABNAGEAYwBpAG4AdABvAHMAaAAgAEgARAASAFRVc2Vycy9tYXJrL0Ryb3Bib3gvTGlicmFyeS5wYXBlcnMzL0ZpbGVzLzkyLzkyODhBOTQzLUFBNUItNDlBQi05OEE5LTY5OEEwNUJFOUI5Mi5wZGYAEwABLwAAFQACAAv//wAAgAbSGxwdHlokY2xhc3NuYW1lWCRjbGFzc2VzXU5TTXV0YWJsZURhdGGjHR8gVk5TRGF0YVhOU09iamVjdNIbHCIjXE5TRGljdGlvbmFyeaIiIF8QD05TS2V5ZWRBcmNoaXZlctEmJ1Ryb290gAEACAARABoAIwAtADIANwBAAEYATQBVAGAAZwBqAGwAbgBxAHMAdQB3AIQAjgDhAOYA7gMAAwIDBwMSAxsDKQMtAzQDPQNCA08DUgNkA2cDbAAAAAAAAAIBAAAAAAAAACgAAAAAAAAAAAAAAAAAAANu},
	Bdsk-Url-1 = {http://linkinghub.elsevier.com/retrieve/pii/S0309170898000177},
	Bdsk-Url-2 = {http://dx.doi.org/10.1016/S0309-1708(98)00017-7}}

@article{Beven:2006js,
	Author = {Beven, Keith},
	Date-Added = {2014-10-10 21:06:18 +0000},
	Date-Modified = {2014-10-10 21:06:18 +0000},
	Doi = {10.1016/j.jhydrol.2005.07.007},
	File = {{8DAD4A7D-98A7-452F-831A-3BE4DC853333.pdf:/Users/mark/Dropbox/Library.papers3/Files/8D/8DAD4A7D-98A7-452F-831A-3BE4DC853333.pdf:application/pdf;8DAD4A7D-98A7-452F-831A-3BE4DC853333.pdf:/Users/mark/Dropbox/Library.papers3/Files/8D/8DAD4A7D-98A7-452F-831A-3BE4DC853333.pdf:application/pdf}},
	Journal = {Journal of Hydrology},
	Language = {English},
	Local-Url = {file://localhost/Users/mark/Dropbox/Library.papers3/Files/8D/8DAD4A7D-98A7-452F-831A-3BE4DC853333.pdf},
	Month = mar,
	Number = {1-2},
	Pages = {18--36},
	Rating = {0},
	Read = {Yes},
	Title = {{A manifesto for the equifinality thesis}},
	Uri = {\url{papers3://publication/doi/10.1016/j.jhydrol.2005.07.007}},
	Url = {http://linkinghub.elsevier.com/retrieve/pii/S002216940500332X},
	Volume = {320},
	Year = {2006},
	Bdsk-File-1 = {YnBsaXN0MDDUAQIDBAUGJCVYJHZlcnNpb25YJG9iamVjdHNZJGFyY2hpdmVyVCR0b3ASAAGGoKgHCBMUFRYaIVUkbnVsbNMJCgsMDxJXTlMua2V5c1pOUy5vYmplY3RzViRjbGFzc6INDoACgAOiEBGABIAFgAdccmVsYXRpdmVQYXRoWWFsaWFzRGF0YV8QUC4uLy4uLy4uLy4uLy4uL0xpYnJhcnkucGFwZXJzMy9GaWxlcy84RC84REFENEE3RC05OEE3LTQ1MkYtODMxQS0zQkU0REM4NTMzMzMucGRm0hcLGBlXTlMuZGF0YU8RAg4AAAAAAg4AAgAADE1hY2ludG9zaCBIRAAAAAAAAAAAAAAAAAAAANKFLzVIKwAAAAq9qx84REFENEE3RC05OEE3LTQ1MkYtOCMxNjFCQTAucGRmAAAAAAAAAAAAAAAAAAAAAAAAAAAAAAAAAAAAAAAAAAAAFhug0F0LfwAAAAAAAAAAAAUABAAACSAAAAAAAAAAAAAAAAAAAAACOEQAEAAIAADShZ+1AAAAEQAIAADQXW3vAAAAAQAYAAq9qwAKqA0ACp/aAAqMfgAJZO8ABizwAAIAXk1hY2ludG9zaCBIRDpVc2VyczoAbWFyazoARHJvcGJveDoATGlicmFyeS5wYXBlcnMzOgBGaWxlczoAOEQ6ADhEQUQ0QTdELTk4QTctNDUyRi04IzE2MUJBMC5wZGYADgBSACgAOABEAEEARAA0AEEANwBEAC0AOQA4AEEANwAtADQANQAyAEYALQA4ADMAMQBBAC0AMwBCAEUANABEAEMAOAA1ADMAMwAzADMALgBwAGQAZgAPABoADABNAGEAYwBpAG4AdABvAHMAaAAgAEgARAASAFRVc2Vycy9tYXJrL0Ryb3Bib3gvTGlicmFyeS5wYXBlcnMzL0ZpbGVzLzhELzhEQUQ0QTdELTk4QTctNDUyRi04MzFBLTNCRTREQzg1MzMzMy5wZGYAEwABLwAAFQACAAv//wAAgAbSGxwdHlokY2xhc3NuYW1lWCRjbGFzc2VzXU5TTXV0YWJsZURhdGGjHR8gVk5TRGF0YVhOU09iamVjdNIbHCIjXE5TRGljdGlvbmFyeaIiIF8QD05TS2V5ZWRBcmNoaXZlctEmJ1Ryb290gAEACAARABoAIwAtADIANwBAAEYATQBVAGAAZwBqAGwAbgBxAHMAdQB3AIQAjgDhAOYA7gMAAwIDBwMSAxsDKQMtAzQDPQNCA08DUgNkA2cDbAAAAAAAAAIBAAAAAAAAACgAAAAAAAAAAAAAAAAAAANu},
	Bdsk-Url-1 = {http://linkinghub.elsevier.com/retrieve/pii/S002216940500332X},
	Bdsk-Url-2 = {http://dx.doi.org/10.1016/j.jhydrol.2005.07.007}}

@article{Cicchetti:1996gp,
	Author = {Cicchetti, Dante and Rogosch, Fred A},
	Date-Added = {2014-10-10 21:06:18 +0000},
	Date-Modified = {2014-10-10 21:06:18 +0000},
	Doi = {10.1017/S0954579400007318},
	Journal = {Development and Psychopathology},
	Language = {English},
	Month = sep,
	Number = {04},
	Pages = {597--600},
	Publisher = {Cambridge University Press},
	Rating = {0},
	Read = {Yes},
	Title = {{Equifinality and multifinality in developmental psychopathology}},
	Uri = {\url{papers3://publication/doi/10.1017/S0954579400007318}},
	Url = {http://journals.cambridge.org.offcampus.lib.washington.edu/action/displayAbstract?aid=4495040},
	Volume = {8},
	Year = {1996},
	Bdsk-Url-1 = {http://journals.cambridge.org.offcampus.lib.washington.edu/action/displayAbstract?aid=4495040},
	Bdsk-Url-2 = {http://dx.doi.org/10.1017/S0954579400007318}}

@article{von1949problems,
	Author = {von Bertalanffy, LUDWIG},
	Date-Added = {2014-10-10 00:43:14 +0000},
	Date-Modified = {2014-10-10 00:43:14 +0000},
	Journal = {Nature},
	Number = {4135},
	Pages = {156--158},
	Title = {Problems of organic growth},
	Volume = {163},
	Year = {1949}}

@article{Marean:1992hg,
	Author = {Marean, Curtis W and Spencer, Lillian M and Blumenschine, Robert J and Capaldo, Salvatore D},
	Date-Added = {2014-10-10 00:40:27 +0000},
	Date-Modified = {2014-10-10 00:40:27 +0000},
	Doi = {10.1016/0305-4403(92)90009-R},
	File = {{60259BA7-6F8E-43FC-AFE4-17B98733C0A3.pdf:/Users/mark/Dropbox/Library.papers3/Files/60/60259BA7-6F8E-43FC-AFE4-17B98733C0A3.pdf:application/pdf;60259BA7-6F8E-43FC-AFE4-17B98733C0A3.pdf:/Users/mark/Dropbox/Library.papers3/Files/60/60259BA7-6F8E-43FC-AFE4-17B98733C0A3.pdf:application/pdf}},
	Journal = {Journal of Archaeological Science},
	Language = {English},
	Local-Url = {file://localhost/Users/mark/Dropbox/Library.papers3/Files/60/60259BA7-6F8E-43FC-AFE4-17B98733C0A3.pdf},
	Month = jan,
	Number = {1},
	Pages = {101--121},
	Rating = {0},
	Read = {Yes},
	Title = {{Captive hyaena bone choice and destruction, the Schlepp effect and olduvai archaeofaunas}},
	Uri = {\url{papers3://publication/doi/10.1016/0305-4403(92)90009-R}},
	Url = {http://linkinghub.elsevier.com/retrieve/pii/030544039290009R},
	Volume = {19},
	Year = {1992},
	Bdsk-File-1 = {YnBsaXN0MDDUAQIDBAUGJCVYJHZlcnNpb25YJG9iamVjdHNZJGFyY2hpdmVyVCR0b3ASAAGGoKgHCBMUFRYaIVUkbnVsbNMJCgsMDxJXTlMua2V5c1pOUy5vYmplY3RzViRjbGFzc6INDoACgAOiEBGABIAFgAdccmVsYXRpdmVQYXRoWWFsaWFzRGF0YV8QUC4uLy4uLy4uLy4uLy4uL0xpYnJhcnkucGFwZXJzMy9GaWxlcy82MC82MDI1OUJBNy02RjhFLTQzRkMtQUZFNC0xN0I5ODczM0MwQTMucGRm0hcLGBlXTlMuZGF0YU8RAg4AAAAAAg4AAgAADE1hY2ludG9zaCBIRAAAAAAAAAAAAAAAAAAAANKFLzVIKwAAAArAdB82MDI1OUJBNy02RjhFLTQzRkMtQSMxNjFCODAucGRmAAAAAAAAAAAAAAAAAAAAAAAAAAAAAAAAAAAAAAAAAAAAFhuA0Fu50AAAAAAAAAAAAAUABAAACSAAAAAAAAAAAAAAAAAAAAACNjAAEAAIAADShZ+1AAAAEQAIAADQXBxAAAAAAQAYAArAdAAKqA0ACp/aAAqMfgAJZO8ABizwAAIAXk1hY2ludG9zaCBIRDpVc2VyczoAbWFyazoARHJvcGJveDoATGlicmFyeS5wYXBlcnMzOgBGaWxlczoANjA6ADYwMjU5QkE3LTZGOEUtNDNGQy1BIzE2MUI4MC5wZGYADgBSACgANgAwADIANQA5AEIAQQA3AC0ANgBGADgARQAtADQAMwBGAEMALQBBAEYARQA0AC0AMQA3AEIAOQA4ADcAMwAzAEMAMABBADMALgBwAGQAZgAPABoADABNAGEAYwBpAG4AdABvAHMAaAAgAEgARAASAFRVc2Vycy9tYXJrL0Ryb3Bib3gvTGlicmFyeS5wYXBlcnMzL0ZpbGVzLzYwLzYwMjU5QkE3LTZGOEUtNDNGQy1BRkU0LTE3Qjk4NzMzQzBBMy5wZGYAEwABLwAAFQACAAv//wAAgAbSGxwdHlokY2xhc3NuYW1lWCRjbGFzc2VzXU5TTXV0YWJsZURhdGGjHR8gVk5TRGF0YVhOU09iamVjdNIbHCIjXE5TRGljdGlvbmFyeaIiIF8QD05TS2V5ZWRBcmNoaXZlctEmJ1Ryb290gAEACAARABoAIwAtADIANwBAAEYATQBVAGAAZwBqAGwAbgBxAHMAdQB3AIQAjgDhAOYA7gMAAwIDBwMSAxsDKQMtAzQDPQNCA08DUgNkA2cDbAAAAAAAAAIBAAAAAAAAACgAAAAAAAAAAAAAAAAAAANu},
	Bdsk-Url-1 = {http://linkinghub.elsevier.com/retrieve/pii/030544039290009R},
	Bdsk-Url-2 = {http://dx.doi.org/10.1016/0305-4403(92)90009-R}}

@article{Rogers:2000bq,
	Abstract = {A faunal assemblage may be dominated by dense bones either because the soft ones have been transported away or because they have been gnawed beyond recognition. Archaeologists have often despaired of distinguishing between these hypotheses and have attributed the problem to equifinality-to the fact that different causes can produce identical outcomes. Yet under the models of transport and attrition studied here, these causes do not produce identical outcomes. It has been difficult to distinguish between them only because conventional statistical methods lack power. Using the new method of abcml (Analysis of Bone Counts by Maximum Likelihood), it is easy to distinguish assemblages that were deposited by different agents. It is also possible to distinguish between assemblages that have suffered differing degrees of attritional damage, but this distinction is more difficult to make. It is also shown that the conventional method for recognizing attritional damage in faunal assemblages is remarkably low in power. The paper closes with a discussion of the word "equifinality" itself.},
	Author = {Rogers, Alan R},
	Date-Added = {2014-10-10 00:40:27 +0000},
	Date-Modified = {2014-10-10 00:40:27 +0000},
	Doi = {10.2307/2694423?ref=no-x-route:22afff85a7f2a925b341a808b300cda8},
	File = {{CAF55EB6-A968-4D5F-B874-846A88FCDDDE.pdf:/Users/mark/Dropbox/Library.papers3/Files/CA/CAF55EB6-A968-4D5F-B874-846A88FCDDDE.pdf:application/pdf;CAF55EB6-A968-4D5F-B874-846A88FCDDDE.pdf:/Users/mark/Dropbox/Library.papers3/Files/CA/CAF55EB6-A968-4D5F-B874-846A88FCDDDE.pdf:application/pdf}},
	Journal = {American Antiquity},
	Language = {English},
	Local-Url = {file://localhost/Users/mark/Dropbox/Library.papers3/Files/CA/CAF55EB6-A968-4D5F-B874-846A88FCDDDE.pdf},
	Month = oct,
	Number = {4},
	Pages = {709--723},
	Publisher = {Society for American Archaeology},
	Rating = {0},
	Read = {Yes},
	Title = {{On Equifinality in Faunal Analysis}},
	Uri = {\url{papers3://publication/doi/10.2307/2694423?ref=no-x-route:22afff85a7f2a925b341a808b300cda8}},
	Volume = {65},
	Year = {2000},
	Bdsk-File-1 = {YnBsaXN0MDDUAQIDBAUGJCVYJHZlcnNpb25YJG9iamVjdHNZJGFyY2hpdmVyVCR0b3ASAAGGoKgHCBMUFRYaIVUkbnVsbNMJCgsMDxJXTlMua2V5c1pOUy5vYmplY3RzViRjbGFzc6INDoACgAOiEBGABIAFgAdccmVsYXRpdmVQYXRoWWFsaWFzRGF0YV8QUC4uLy4uLy4uLy4uLy4uL0xpYnJhcnkucGFwZXJzMy9GaWxlcy9DQS9DQUY1NUVCNi1BOTY4LTRENUYtQjg3NC04NDZBODhGQ0REREUucGRm0hcLGBlXTlMuZGF0YU8RAg4AAAAAAg4AAgAADE1hY2ludG9zaCBIRAAAAAAAAAAAAAAAAAAAANKFLzVIKwAAAAq+/x9DQUY1NUVCNi1BOTY4LTRENUYtQiMxNjFCNzIucGRmAAAAAAAAAAAAAAAAAAAAAAAAAAAAAAAAAAAAAAAAAAAAFhty0Fx0GQAAAAAAAAAAAAUABAAACSAAAAAAAAAAAAAAAAAAAAACQ0EAEAAIAADShZ+1AAAAEQAIAADQXNaJAAAAAQAYAAq+/wAKqA0ACp/aAAqMfgAJZO8ABizwAAIAXk1hY2ludG9zaCBIRDpVc2VyczoAbWFyazoARHJvcGJveDoATGlicmFyeS5wYXBlcnMzOgBGaWxlczoAQ0E6AENBRjU1RUI2LUE5NjgtNEQ1Ri1CIzE2MUI3Mi5wZGYADgBSACgAQwBBAEYANQA1AEUAQgA2AC0AQQA5ADYAOAAtADQARAA1AEYALQBCADgANwA0AC0AOAA0ADYAQQA4ADgARgBDAEQARABEAEUALgBwAGQAZgAPABoADABNAGEAYwBpAG4AdABvAHMAaAAgAEgARAASAFRVc2Vycy9tYXJrL0Ryb3Bib3gvTGlicmFyeS5wYXBlcnMzL0ZpbGVzL0NBL0NBRjU1RUI2LUE5NjgtNEQ1Ri1CODc0LTg0NkE4OEZDRERERS5wZGYAEwABLwAAFQACAAv//wAAgAbSGxwdHlokY2xhc3NuYW1lWCRjbGFzc2VzXU5TTXV0YWJsZURhdGGjHR8gVk5TRGF0YVhOU09iamVjdNIbHCIjXE5TRGljdGlvbmFyeaIiIF8QD05TS2V5ZWRBcmNoaXZlctEmJ1Ryb290gAEACAARABoAIwAtADIANwBAAEYATQBVAGAAZwBqAGwAbgBxAHMAdQB3AIQAjgDhAOYA7gMAAwIDBwMSAxsDKQMtAzQDPQNCA08DUgNkA2cDbAAAAAAAAAIBAAAAAAAAACgAAAAAAAAAAAAAAAAAAANu},
	Bdsk-Url-1 = {http://dx.doi.org/10.2307/2694423?ref=no-x-route:22afff85a7f2a925b341a808b300cda8}}

@book{lyman1994vertebrate,
	Author = {Lyman, R Lee},
	Date-Added = {2014-10-10 00:39:22 +0000},
	Date-Modified = {2014-10-10 00:39:22 +0000},
	Publisher = {Cambridge University Press},
	Title = {Vertebrate taphonomy},
	Year = {1994}}

@techreport{Fawcett:2003wy,
	Address = {Palo Alto, CA},
	Author = {Fawcett, Tom},
	Date-Added = {2014-10-09 22:25:25 +0000},
	Date-Modified = {2014-10-09 22:25:25 +0000},
	File = {{54417713-0702-4E79-BCDC-765B4A8D8B40.pdf:/Users/mark/Dropbox/Library.papers3/Files/54/54417713-0702-4E79-BCDC-765B4A8D8B40.pdf:application/pdf}},
	Local-Url = {file://localhost/Users/mark/Dropbox/Library.papers3/Files/54/54417713-0702-4E79-BCDC-765B4A8D8B40.pdf},
	Rating = {0},
	Read = {Yes},
	Title = {{ROC Graphs: Notes and Practical Considerations for Data Mining Researchers}},
	Uri = {\url{papers3://publication/uuid/8BEC2207-5717-49F5-98A9-1574B6DA42A5}},
	Url = {http://www.hpl.hp.com/techreports/2003/HPL-2003-4.pdf},
	Year = {2003},
	Bdsk-File-1 = {YnBsaXN0MDDUAQIDBAUGJCVYJHZlcnNpb25YJG9iamVjdHNZJGFyY2hpdmVyVCR0b3ASAAGGoKgHCBMUFRYaIVUkbnVsbNMJCgsMDxJXTlMua2V5c1pOUy5vYmplY3RzViRjbGFzc6INDoACgAOiEBGABIAFgAdccmVsYXRpdmVQYXRoWWFsaWFzRGF0YV8QUC4uLy4uLy4uLy4uLy4uL0xpYnJhcnkucGFwZXJzMy9GaWxlcy81NC81NDQxNzcxMy0wNzAyLTRFNzktQkNEQy03NjVCNEE4RDhCNDAucGRm0hcLGBlXTlMuZGF0YU8RAg4AAAAAAg4AAgAADE1hY2ludG9zaCBIRAAAAAAAAAAAAAAAAAAAANKFLzVIKwAAAAq9ux81NDQxNzcxMy0wNzAyLTRFNzktQiMxNjFCNjgucGRmAAAAAAAAAAAAAAAAAAAAAAAAAAAAAAAAAAAAAAAAAAAAFhto0FfFXAAAAAAAAAAAAAUABAAACSAAAAAAAAAAAAAAAAAAAAACNTQAEAAIAADShZ+1AAAAEQAIAADQWCfMAAAAAQAYAAq9uwAKqA0ACp/aAAqMfgAJZO8ABizwAAIAXk1hY2ludG9zaCBIRDpVc2VyczoAbWFyazoARHJvcGJveDoATGlicmFyeS5wYXBlcnMzOgBGaWxlczoANTQ6ADU0NDE3NzEzLTA3MDItNEU3OS1CIzE2MUI2OC5wZGYADgBSACgANQA0ADQAMQA3ADcAMQAzAC0AMAA3ADAAMgAtADQARQA3ADkALQBCAEMARABDAC0ANwA2ADUAQgA0AEEAOABEADgAQgA0ADAALgBwAGQAZgAPABoADABNAGEAYwBpAG4AdABvAHMAaAAgAEgARAASAFRVc2Vycy9tYXJrL0Ryb3Bib3gvTGlicmFyeS5wYXBlcnMzL0ZpbGVzLzU0LzU0NDE3NzEzLTA3MDItNEU3OS1CQ0RDLTc2NUI0QThEOEI0MC5wZGYAEwABLwAAFQACAAv//wAAgAbSGxwdHlokY2xhc3NuYW1lWCRjbGFzc2VzXU5TTXV0YWJsZURhdGGjHR8gVk5TRGF0YVhOU09iamVjdNIbHCIjXE5TRGljdGlvbmFyeaIiIF8QD05TS2V5ZWRBcmNoaXZlctEmJ1Ryb290gAEACAARABoAIwAtADIANwBAAEYATQBVAGAAZwBqAGwAbgBxAHMAdQB3AIQAjgDhAOYA7gMAAwIDBwMSAxsDKQMtAzQDPQNCA08DUgNkA2cDbAAAAAAAAAIBAAAAAAAAACgAAAAAAAAAAAAAAAAAAANu},
	Bdsk-Url-1 = {http://www.hpl.hp.com/techreports/2003/HPL-2003-4.pdf}}

@article{AlexeyNatekin:2013ew,
	Abstract = {Gradient boosting machines are a family of powerful machine-learning techniques that have shown considerable success in a wide range of practical applications. They are highly customizable to the particular needs of the application, like being learned with respect to different loss functions. This article gives a tutorial introduction into the methodology of gradient boosting methods. A theoretical information is complemented with many descriptive examples and illustrations which cover all the stages of the gradient boosting model design. Considerations on handling the model complexity are discussed. A set of practical examples of gradient boosting applications are presented and comprehensively analyzed.},
	Affiliation = {fortiss GmbH Munich, Germany.},
	Author = {Alexey Natekin, Alois Knoll},
	Date-Added = {2014-10-09 22:25:25 +0000},
	Date-Modified = {2014-10-09 22:25:25 +0000},
	Doi = {10.3389/fnbot.2013.00021},
	File = {{A091331C-31CB-4323-B518-327E5E494CC0.pdf:/Users/mark/Dropbox/Library.papers3/Files/A0/A091331C-31CB-4323-B518-327E5E494CC0.pdf:application/pdf;A091331C-31CB-4323-B518-327E5E494CC0.pdf:/Users/mark/Dropbox/Library.papers3/Files/A0/A091331C-31CB-4323-B518-327E5E494CC0.pdf:application/pdf}},
	Journal = {Frontiers in Neurorobotics},
	Language = {English},
	Local-Url = {file://localhost/Users/mark/Dropbox/Library.papers3/Files/A0/A091331C-31CB-4323-B518-327E5E494CC0.pdf},
	Pages = {21},
	Pmcid = {PMC3885826},
	Pmid = {24409142},
	Publisher = {Frontiers Media SA},
	Rating = {0},
	Read = {Yes},
	Title = {{Gradient boosting machines, a tutorial}},
	Uri = {\url{papers3://publication/doi/10.3389/fnbot.2013.00021}},
	Url = {http://journal.frontiersin.org/Journal/10.3389/fnbot.2013.00021/full},
	Volume = {7},
	Year = {2013},
	Bdsk-File-1 = {YnBsaXN0MDDUAQIDBAUGJCVYJHZlcnNpb25YJG9iamVjdHNZJGFyY2hpdmVyVCR0b3ASAAGGoKgHCBMUFRYaIVUkbnVsbNMJCgsMDxJXTlMua2V5c1pOUy5vYmplY3RzViRjbGFzc6INDoACgAOiEBGABIAFgAdccmVsYXRpdmVQYXRoWWFsaWFzRGF0YV8QUC4uLy4uLy4uLy4uLy4uL0xpYnJhcnkucGFwZXJzMy9GaWxlcy9BMC9BMDkxMzMxQy0zMUNCLTQzMjMtQjUxOC0zMjdFNUU0OTRDQzAucGRm0hcLGBlXTlMuZGF0YU8RAg4AAAAAAg4AAgAADE1hY2ludG9zaCBIRAAAAAAAAAAAAAAAAAAAANKFLzVIKwAAAAq5Hh9BMDkxMzMxQy0zMUNCLTQzMjMtQiMxNjFCNTcucGRmAAAAAAAAAAAAAAAAAAAAAAAAAAAAAAAAAAAAAAAAAAAAFhtX0FfzhgAAAAAAAAAAAAUABAAACSAAAAAAAAAAAAAAAAAAAAACQTAAEAAIAADShZ+1AAAAEQAIAADQWFX2AAAAAQAYAAq5HgAKqA0ACp/aAAqMfgAJZO8ABizwAAIAXk1hY2ludG9zaCBIRDpVc2VyczoAbWFyazoARHJvcGJveDoATGlicmFyeS5wYXBlcnMzOgBGaWxlczoAQTA6AEEwOTEzMzFDLTMxQ0ItNDMyMy1CIzE2MUI1Ny5wZGYADgBSACgAQQAwADkAMQAzADMAMQBDAC0AMwAxAEMAQgAtADQAMwAyADMALQBCADUAMQA4AC0AMwAyADcARQA1AEUANAA5ADQAQwBDADAALgBwAGQAZgAPABoADABNAGEAYwBpAG4AdABvAHMAaAAgAEgARAASAFRVc2Vycy9tYXJrL0Ryb3Bib3gvTGlicmFyeS5wYXBlcnMzL0ZpbGVzL0EwL0EwOTEzMzFDLTMxQ0ItNDMyMy1CNTE4LTMyN0U1RTQ5NENDMC5wZGYAEwABLwAAFQACAAv//wAAgAbSGxwdHlokY2xhc3NuYW1lWCRjbGFzc2VzXU5TTXV0YWJsZURhdGGjHR8gVk5TRGF0YVhOU09iamVjdNIbHCIjXE5TRGljdGlvbmFyeaIiIF8QD05TS2V5ZWRBcmNoaXZlctEmJ1Ryb290gAEACAARABoAIwAtADIANwBAAEYATQBVAGAAZwBqAGwAbgBxAHMAdQB3AIQAjgDhAOYA7gMAAwIDBwMSAxsDKQMtAzQDPQNCA08DUgNkA2cDbAAAAAAAAAIBAAAAAAAAACgAAAAAAAAAAAAAAAAAAANu},
	Bdsk-Url-1 = {http://journal.frontiersin.org/Journal/10.3389/fnbot.2013.00021/full},
	Bdsk-Url-2 = {http://dx.doi.org/10.3389/fnbot.2013.00021}}

@article{Cutler:2008gm,
	Abstract = {Classification procedures are some of the most widely used statistical methods in ecology. Random forests (RF) is a new and powerful statistical classifier that is well established in other disciplines but is relatively unknown in ecology. Advantages of RF compared to other statistical classifiers include (1) very high classification accuracy; (2) a novel method of determining variable importance; (3) ability to model complex interactions among predictor variables; (4) flexibility to perform several types of statistical data analysis, including regression, classification, survival analysis, and unsupervised learning; and (5) an algorithm for imputing missing values. We compared the accuracies of RF and four other commonly used statistical classifiers using data on invasive plant species presence in Lava Beds National Monument, California, USA, rare lichen species presence in the Pacific Northwest, USA, and nest sites for cavity nesting birds in the Uinta Mountains, Utah, USA. We observed high classificati...},
	Author = {Cutler, D Richard and Edwards Jr, Thomas C and Beard, Karen H and Cutler, Adele and Hess, Kyle T and Gibson, Jacob and Lawler, Joshua J},
	Date-Added = {2014-10-09 22:25:25 +0000},
	Date-Modified = {2014-10-09 22:25:25 +0000},
	Doi = {10.1890/07-0539.1},
	File = {{83486252-A640-4C42-A454-FD17CC7819D7.pdf:/Users/mark/Dropbox/Library.papers3/Files/83/83486252-A640-4C42-A454-FD17CC7819D7.pdf:application/pdf;83486252-A640-4C42-A454-FD17CC7819D7.pdf:/Users/mark/Dropbox/Library.papers3/Files/83/83486252-A640-4C42-A454-FD17CC7819D7.pdf:application/pdf}},
	Journal = {dx.doi.org.offcampus.lib.washington.edu},
	Language = {English},
	Local-Url = {file://localhost/Users/mark/Dropbox/Library.papers3/Files/83/83486252-A640-4C42-A454-FD17CC7819D7.pdf},
	Month = sep,
	Number = {11},
	Pages = {2783--2792},
	Publisher = {Ecological Society of America},
	Rating = {0},
	Read = {Yes},
	Title = {{RANDOM FORESTS FOR CLASSIFICATION IN ECOLOGY}},
	Uri = {\url{papers3://publication/doi/10.1890/07-0539.1}},
	Url = {http://www.esajournals.org/doi/abs/10.1890/07-0539.1},
	Volume = {88},
	Year = {2008},
	Bdsk-File-1 = {YnBsaXN0MDDUAQIDBAUGJCVYJHZlcnNpb25YJG9iamVjdHNZJGFyY2hpdmVyVCR0b3ASAAGGoKgHCBMUFRYaIVUkbnVsbNMJCgsMDxJXTlMua2V5c1pOUy5vYmplY3RzViRjbGFzc6INDoACgAOiEBGABIAFgAdccmVsYXRpdmVQYXRoWWFsaWFzRGF0YV8QUC4uLy4uLy4uLy4uLy4uL0xpYnJhcnkucGFwZXJzMy9GaWxlcy84My84MzQ4NjI1Mi1BNjQwLTRDNDItQTQ1NC1GRDE3Q0M3ODE5RDcucGRm0hcLGBlXTlMuZGF0YU8RAg4AAAAAAg4AAgAADE1hY2ludG9zaCBIRAAAAAAAAAAAAAAAAAAAANKFLzVIKwAAAAq5UR84MzQ4NjI1Mi1BNjQwLTRDNDItQSMxNjFBOTEucGRmAAAAAAAAAAAAAAAAAAAAAAAAAAAAAAAAAAAAAAAAAAAAFhqR0E2wnQAAAAAAAAAAAAUABAAACSAAAAAAAAAAAAAAAAAAAAACODMAEAAIAADShZ+1AAAAEQAIAADQThMNAAAAAQAYAAq5UQAKqA0ACp/aAAqMfgAJZO8ABizwAAIAXk1hY2ludG9zaCBIRDpVc2VyczoAbWFyazoARHJvcGJveDoATGlicmFyeS5wYXBlcnMzOgBGaWxlczoAODM6ADgzNDg2MjUyLUE2NDAtNEM0Mi1BIzE2MUE5MS5wZGYADgBSACgAOAAzADQAOAA2ADIANQAyAC0AQQA2ADQAMAAtADQAQwA0ADIALQBBADQANQA0AC0ARgBEADEANwBDAEMANwA4ADEAOQBEADcALgBwAGQAZgAPABoADABNAGEAYwBpAG4AdABvAHMAaAAgAEgARAASAFRVc2Vycy9tYXJrL0Ryb3Bib3gvTGlicmFyeS5wYXBlcnMzL0ZpbGVzLzgzLzgzNDg2MjUyLUE2NDAtNEM0Mi1BNDU0LUZEMTdDQzc4MTlENy5wZGYAEwABLwAAFQACAAv//wAAgAbSGxwdHlokY2xhc3NuYW1lWCRjbGFzc2VzXU5TTXV0YWJsZURhdGGjHR8gVk5TRGF0YVhOU09iamVjdNIbHCIjXE5TRGljdGlvbmFyeaIiIF8QD05TS2V5ZWRBcmNoaXZlctEmJ1Ryb290gAEACAARABoAIwAtADIANwBAAEYATQBVAGAAZwBqAGwAbgBxAHMAdQB3AIQAjgDhAOYA7gMAAwIDBwMSAxsDKQMtAzQDPQNCA08DUgNkA2cDbAAAAAAAAAIBAAAAAAAAACgAAAAAAAAAAAAAAAAAAANu},
	Bdsk-Url-1 = {http://www.esajournals.org/doi/abs/10.1890/07-0539.1},
	Bdsk-Url-2 = {http://dx.doi.org/10.1890/07-0539.1}}

@article{Madsen:11846,
	Author = {Mark E. Madsen and Ben Marwick},
	Date-Added = {2014-10-09 22:23:23 +0000},
	Date-Modified = {2014-10-09 22:23:23 +0000},
	Doi = {{10.5281/zenodo.11846}},
	Month = {Sep},
	Title = {{ctmixtures: Corrected Moran mutation rate}},
	Url = {{http://dx.doi.org/10.5281/zenodo.11846}},
	Year = {2014},
	Bdsk-Url-1 = {%7Bhttp://dx.doi.org/10.5281/zenodo.11846%7D},
	Bdsk-Url-2 = {http://dx.doi.org/10.5281/zenodo.11846%7D}}

@article{ewens1972sampling,
	Author = {Ewens, W.J.},
	Date-Added = {2014-10-06 23:26:59 +0000},
	Date-Modified = {2014-10-06 23:26:59 +0000},
	Journal = {Theoretical Population Biology},
	Number = {1},
	Pages = {87--112},
	Publisher = {Elsevier},
	Title = {The sampling theory of selectively neutral alleles},
	Volume = {3},
	Year = {1972}}

@article{Sing15102005,
	Abstract = {Summary: ROCR is a package for evaluating and visualizing the performance of scoring classifiers in the statistical language R. It features over 25 performance measures that can be freely combined to create two-dimensional performance curves. Standard methods for investigating trade-offs between specific performance measures are available within a uniform framework, including receiver operating characteristic (ROC) graphs, precision/recall plots, lift charts and cost curves. ROCR integrates tightly with R's powerful graphics capabilities, thus allowing for highly adjustable plots. Being equipped with only three commands and reasonable default values for optional parameters, ROCR combines flexibility with ease of usage.Availability: http://rocr.bioinf.mpi-sb.mpg.de. ROCR can be used under the terms of the GNU General Public License. Running within R, it is platform-independent.Contact: tobias.sing@mpi-sb.mpg.de},
	Author = {Sing, Tobias and Sander, Oliver and Beerenwinkel, Niko and Lengauer, Thomas},
	Date-Added = {2014-10-06 14:34:24 +0000},
	Date-Modified = {2014-10-06 14:34:24 +0000},
	Doi = {10.1093/bioinformatics/bti623},
	Eprint = {http://bioinformatics.oxfordjournals.org/content/21/20/3940.full.pdf+html},
	Journal = {Bioinformatics},
	Number = {20},
	Pages = {3940-3941},
	Title = {ROCR: visualizing classifier performance in R},
	Url = {http://bioinformatics.oxfordjournals.org/content/21/20/3940.abstract},
	Volume = {21},
	Year = {2005},
	Bdsk-Url-1 = {http://bioinformatics.oxfordjournals.org/content/21/20/3940.abstract},
	Bdsk-Url-2 = {http://dx.doi.org/10.1093/bioinformatics/bti623}}

@book{hastie2009elements,
	Author = {Hastie, Trevor and Tibshirani, Robert and Friedman, Jerome and Hastie, T and Friedman, J and Tibshirani, R},
	Date-Added = {2014-09-29 23:10:07 +0000},
	Date-Modified = {2015-04-11 17:51:54 +0000},
	Publisher = {Springer},
	Title = {The elements of statistical learning},
	Volume = {2},
	Year = {2009}}

@article{breiman2001random,
	Author = {Breiman, Leo},
	Date-Added = {2014-09-29 23:00:47 +0000},
	Date-Modified = {2014-09-29 23:00:47 +0000},
	Journal = {Machine learning},
	Number = {1},
	Pages = {5--32},
	Publisher = {Springer},
	Title = {Random forests},
	Volume = {45},
	Year = {2001}}

@article{Mesoudi2009,
	Author = {Mesoudi, Alex and Lycett, Stephen J},
	Date-Added = {2014-09-29 16:56:57 +0000},
	Date-Modified = {2014-09-29 16:56:57 +0000},
	Journal = {Evolution and Human Behavior},
	Pages = {41-48},
	Title = {Random Copying, Frequency-dependent Copying and Culture Change},
	Volume = {30},
	Year = {2009}}

@book{Ewens2004,
	Author = {Ewens, Warren J},
	Date-Added = {2014-09-26 23:58:50 +0000},
	Date-Modified = {2014-09-26 23:58:50 +0000},
	Edition = {2nd},
	Publisher = {New York, Springer},
	Title = {Mathematical Population Genetics, Volume 1: Theoretical Introduction},
	Year = {2004}}

@book{xie2013dynamic,
	Author = {Xie, Yihui},
	Date-Added = {2014-04-11 18:30:01 +0000},
	Date-Modified = {2014-04-11 18:30:01 +0000},
	Publisher = {CRC Press},
	Title = {Dynamic Documents with R and knitr},
	Year = {2013}}

@comment{BibDesk Static Groups{
<?xml version="1.0" encoding="UTF-8"?>
<!DOCTYPE plist PUBLIC "-//Apple//DTD PLIST 1.0//EN" "http://www.apple.com/DTDs/PropertyList-1.0.dtd">
<plist version="1.0">
<array>
	<dict>
		<key>group name</key>
		<string>CT transmission modes</string>
		<key>keys</key>
		<string>bentley2007regular,bentley2004random,Bentley2003,shennan2001ceramic,steele2010ceramic,kohler2004,Rorabaugh:2014fl,Mesoudi2009</string>
	</dict>
	<dict>
		<key>group name</key>
		<string>equifinality</string>
		<key>keys</key>
		<string>Beven:2006js,Culling:1987kx,Savenije:2001fe,Bonham:2009bi,Rorabaugh:2014fl,von1949problems,Cicchetti:1996gp,Aronica:1998dm,lyman1994vertebrate,Phillips:1997kx,Marean:1992hg,Rogers:2000bq,Mesoudi2009</string>
	</dict>
</array>
</plist>
}}
