%% This BibTeX bibliography file was created using BibDesk.
%% http://bibdesk.sourceforge.net/


%% Created for Mark Madsen at 2015-12-08 11:44:37 -0800 


%% Saved with string encoding Unicode (UTF-8) 



@article{Krieger1944,
	Author = {Krieger, Alex D.},
	Date-Added = {2015-12-06 18:51:14 +0000},
	Date-Modified = {2015-12-06 18:51:14 +0000},
	Journal = {American Antiquity},
	Pages = {271--288},
	Title = {The typological concept},
	Volume = {3},
	Year = {1944}}

@article{Dunnell1970,
	Author = {Dunnell, R.C.},
	Date-Added = {2015-12-04 16:02:36 +0000},
	Date-Modified = {2015-12-04 16:02:36 +0000},
	Journal = {American Antiquity},
	Number = {3},
	Pages = {305--319},
	Publisher = {JSTOR},
	Title = {Seriation method and its evaluation},
	Volume = {35},
	Year = {1970}}

@incollection{Rouse1967,
	Author = {Rouse, I.B.},
	Booktitle = {American Historical Anthropology},
	Date-Added = {2015-12-04 16:02:18 +0000},
	Date-Modified = {2015-12-04 16:02:18 +0000},
	Editor = {Riley, C.L. and Taylor, W.W.},
	Pages = {153--195},
	Publisher = {Southern Illinois University Press},
	Title = {Seriation in Archaeology},
	Year = {1967}}

@phdthesis{shepardson2006,
	Author = {Shepardson, Britton Leif},
	Date-Added = {2015-12-04 15:57:16 +0000},
	Date-Modified = {2015-12-04 15:57:16 +0000},
	School = {University of Hawai\'i},
	Title = {Explaining Spatial and Temporal Patterns of Energy Investment In The Prehistoric Statuary of Rapa Nui (Easter Island)},
	Year = {2006}}

@phdthesis{Neiman1990,
	Author = {Neiman, Fraser D},
	Date-Added = {2015-12-03 20:14:51 +0000},
	Date-Modified = {2015-12-03 20:14:51 +0000},
	School = {Yale University},
	Title = {An Evolutionary Approach to Archaeological Inference: Aspects of Architectural Variation in the 17th Century Chesapeake},
	Year = {1990}}

@article{Beaumont2002,
	Abstract = {... Corresponding author: Mark A. Beaumont , Whiteknights, PO Box
	228, Reading RG6 6AJ, UK., ma beaumont {at}reading.ac.uk (E-mail
	... In steps 1{\textendash}6 we have simulated independent pairs
	($\varphi$ i , s i ), i = 1, 2, {\textperiodcentered} {\textperiodcentered}
	{\textperiodcentered} , m , where each $\varphi$ i is an independent
	draw from the prior distribution for ... },
	Author = {Beaumont, Mark A and Zhang, W and Balding, D J},
	Date-Added = {2015-11-28 16:54:04 +0000},
	Date-Modified = {2015-11-28 16:54:04 +0000},
	File = {{26A16862-44DB-446D-A72E-F22FBF17E543.pdf:/Users/mark/Dropbox/Library.papers3/PDFs/26A16862-44DB-446D-A72E-F22FBF17E543.pdf:application/pdf}},
	Journal = {Genetics},
	Local-Url = {file://localhost/Users/mark/Dropbox/Library.papers3/PDFs/26A16862-44DB-446D-A72E-F22FBF17E543.pdf},
	Owner = {mark},
	Rating = {0},
	Timestamp = {2015.10.26},
	Title = {{Approximate Bayesian computation in population genetics}},
	Uri = {\url{papers3://publication/uuid/26A16862-44DB-446D-A72E-F22FBF17E543}},
	Url = {http://www.genetics.org/content/162/4/2025.short},
	Year = {2002},
	Bdsk-File-1 = {YnBsaXN0MDDUAQIDBAUGJCVYJHZlcnNpb25YJG9iamVjdHNZJGFyY2hpdmVyVCR0b3ASAAGGoKgHCBMUFRYaIVUkbnVsbNMJCgsMDxJXTlMua2V5c1pOUy5vYmplY3RzViRjbGFzc6INDoACgAOiEBGABIAFgAdccmVsYXRpdmVQYXRoWWFsaWFzRGF0YV8QSS4uLy4uLy4uLy4uL0xpYnJhcnkucGFwZXJzMy9QREZzLzI2QTE2ODYyLTQ0REItNDQ2RC1BNzJFLUYyMkZCRjE3RTU0My5wZGbSFwsYGVdOUy5kYXRhTxEB/gAAAAAB/gACAAAKUm9vdCBEcml2ZQAAAAAAAAAAAAAAAAAAAAAA0bqPNEgrAAAAHA+aHzI2QTE2ODYyLTQ0REItNDQ2RC1BIzFDMjdDRC5wZGYAAAAAAAAAAAAAAAAAAAAAAAAAAAAAAAAAAAAAAAAAAAAcJ83NW3BqAAAAAAAAAAAABAADAAAJIAAAAAAAAAAAAAAAAAAAAARQREZzABAACAAA0brxpAAAABEACAAAzVvg6gAAAAEAFAAcD5oAHAVCABrx0wAaXkgAAAB1AAIAV1Jvb3QgRHJpdmU6VXNlcnM6AG1hcms6AERyb3Bib3g6AExpYnJhcnkucGFwZXJzMzoAUERGczoAMjZBMTY4NjItNDREQi00NDZELUEjMUMyN0NELnBkZgAADgBSACgAMgA2AEEAMQA2ADgANgAyAC0ANAA0AEQAQgAtADQANAA2AEQALQBBADcAMgBFAC0ARgAyADIARgBCAEYAMQA3AEUANQA0ADMALgBwAGQAZgAPABYACgBSAG8AbwB0ACAARAByAGkAdgBlABIAUFVzZXJzL21hcmsvRHJvcGJveC9MaWJyYXJ5LnBhcGVyczMvUERGcy8yNkExNjg2Mi00NERCLTQ0NkQtQTcyRS1GMjJGQkYxN0U1NDMucGRmABMAAS8AABUAAgAL//8AAIAG0hscHR5aJGNsYXNzbmFtZVgkY2xhc3Nlc11OU011dGFibGVEYXRhox0fIFZOU0RhdGFYTlNPYmplY3TSGxwiI1xOU0RpY3Rpb25hcnmiIiBfEA9OU0tleWVkQXJjaGl2ZXLRJidUcm9vdIABAAgAEQAaACMALQAyADcAQABGAE0AVQBgAGcAagBsAG4AcQBzAHUAdwCEAI4A2gDfAOcC6QLrAvAC+wMEAxIDFgMdAyYDKwM4AzsDTQNQA1UAAAAAAAACAQAAAAAAAAAoAAAAAAAAAAAAAAAAAAADVw==},
	Bdsk-Url-1 = {http://www.genetics.org/content/162/4/2025.short}}

@article{Beaumont2010,
	Abstract = {... 7. APPLICATIONS OF APPROXIMATE BAYESIAN COMPUTATION. 8. CONCLUSIONS:
	THE FUTURE OF APPROXIMATE BAYESIAN COMPUTATION. ... Beaumont et al.
	... 1. Given observation y, repeat the following until M points have
	been generated: a. Draw $\theta$ i $\pi$($\theta$). ... },
	Author = {Beaumont, Mark A},
	Date-Added = {2015-11-28 16:54:04 +0000},
	Date-Modified = {2015-11-28 16:54:04 +0000},
	File = {{FE12DC82-D964-4967-BB24-BEBBF86068A0.pdf:/Users/mark/Dropbox/Library.papers3/PDFs/FE12DC82-D964-4967-BB24-BEBBF86068A0.pdf:application/pdf}},
	Journal = {Annual Review of Ecology},
	Local-Url = {file://localhost/Users/mark/Dropbox/Library.papers3/PDFs/FE12DC82-D964-4967-BB24-BEBBF86068A0.pdf},
	Owner = {mark},
	Rating = {0},
	Timestamp = {2015.10.26},
	Title = {{Approximate Bayesian computation in evolution and ecology}},
	Uri = {\url{papers3://publication/uuid/FE12DC82-D964-4967-BB24-BEBBF86068A0}},
	Url = {http://www.annualreviews.org/doi/abs/10.1146/annurev-ecolsys-102209-144621},
	Year = {2010},
	Bdsk-File-1 = {YnBsaXN0MDDUAQIDBAUGJCVYJHZlcnNpb25YJG9iamVjdHNZJGFyY2hpdmVyVCR0b3ASAAGGoKgHCBMUFRYaIVUkbnVsbNMJCgsMDxJXTlMua2V5c1pOUy5vYmplY3RzViRjbGFzc6INDoACgAOiEBGABIAFgAdccmVsYXRpdmVQYXRoWWFsaWFzRGF0YV8QSS4uLy4uLy4uLy4uL0xpYnJhcnkucGFwZXJzMy9QREZzL0ZFMTJEQzgyLUQ5NjQtNDk2Ny1CQjI0LUJFQkJGODYwNjhBMC5wZGbSFwsYGVdOUy5kYXRhTxEB/gAAAAAB/gACAAAKUm9vdCBEcml2ZQAAAAAAAAAAAAAAAAAAAAAA0bqPNEgrAAAAHA+aH0ZFMTJEQzgyLUQ5NjQtNDk2Ny1CIzFDMjdFQy5wZGYAAAAAAAAAAAAAAAAAAAAAAAAAAAAAAAAAAAAAAAAAAAAcJ+zNW3BqAAAAAAAAAAAABAADAAAJIAAAAAAAAAAAAAAAAAAAAARQREZzABAACAAA0brxpAAAABEACAAAzVvg6gAAAAEAFAAcD5oAHAVCABrx0wAaXkgAAAB1AAIAV1Jvb3QgRHJpdmU6VXNlcnM6AG1hcms6AERyb3Bib3g6AExpYnJhcnkucGFwZXJzMzoAUERGczoARkUxMkRDODItRDk2NC00OTY3LUIjMUMyN0VDLnBkZgAADgBSACgARgBFADEAMgBEAEMAOAAyAC0ARAA5ADYANAAtADQAOQA2ADcALQBCAEIAMgA0AC0AQgBFAEIAQgBGADgANgAwADYAOABBADAALgBwAGQAZgAPABYACgBSAG8AbwB0ACAARAByAGkAdgBlABIAUFVzZXJzL21hcmsvRHJvcGJveC9MaWJyYXJ5LnBhcGVyczMvUERGcy9GRTEyREM4Mi1EOTY0LTQ5NjctQkIyNC1CRUJCRjg2MDY4QTAucGRmABMAAS8AABUAAgAL//8AAIAG0hscHR5aJGNsYXNzbmFtZVgkY2xhc3Nlc11OU011dGFibGVEYXRhox0fIFZOU0RhdGFYTlNPYmplY3TSGxwiI1xOU0RpY3Rpb25hcnmiIiBfEA9OU0tleWVkQXJjaGl2ZXLRJidUcm9vdIABAAgAEQAaACMALQAyADcAQABGAE0AVQBgAGcAagBsAG4AcQBzAHUAdwCEAI4A2gDfAOcC6QLrAvAC+wMEAxIDFgMdAyYDKwM4AzsDTQNQA1UAAAAAAAACAQAAAAAAAAAoAAAAAAAAAAAAAAAAAAADVw==},
	Bdsk-Url-1 = {http://www.annualreviews.org/doi/abs/10.1146/annurev-ecolsys-102209-144621}}

@article{Crema2014,
	Author = {Crema, E R and Edinborough, K and Kerig, T and Shennan, S J},
	Date-Added = {2015-11-28 16:54:04 +0000},
	Date-Modified = {2015-11-28 16:54:04 +0000},
	Doi = {10.1016/j.jas.2014.07.014},
	File = {{F9F19DEB-BF8F-4B11-AFFF-9CB9F328E145.pdf:/Users/mark/Dropbox/Library.papers3/Files/F9/F9F19DEB-BF8F-4B11-AFFF-9CB9F328E145.pdf:application/pdf;F9F19DEB-BF8F-4B11-AFFF-9CB9F328E145.pdf:/Users/mark/Dropbox/Library.papers3/Files/F9/F9F19DEB-BF8F-4B11-AFFF-9CB9F328E145.pdf:application/pdf}},
	Journal = {Journal of Archaeological Science},
	Language = {English},
	Local-Url = {file://localhost/Users/mark/Dropbox/Library.papers3/Files/F9/F9F19DEB-BF8F-4B11-AFFF-9CB9F328E145.pdf},
	Month = jul,
	Owner = {mark},
	Rating = {0},
	Read = {Yes},
	Timestamp = {2015.10.26},
	Title = {{An Approximate Bayesian Computation approach for inferring patterns of cultural evolutionary change}},
	Uri = {\url{papers3://publication/doi/10.1016/j.jas.2014.07.014}},
	Url = {http://linkinghub.elsevier.com/retrieve/pii/S0305440314002593},
	Year = {2014},
	Bdsk-File-1 = {YnBsaXN0MDDUAQIDBAUGJCVYJHZlcnNpb25YJG9iamVjdHNZJGFyY2hpdmVyVCR0b3ASAAGGoKgHCBMUFRYaIVUkbnVsbNMJCgsMDxJXTlMua2V5c1pOUy5vYmplY3RzViRjbGFzc6INDoACgAOiEBGABIAFgAdccmVsYXRpdmVQYXRoWWFsaWFzRGF0YV8QTS4uLy4uLy4uLy4uL0xpYnJhcnkucGFwZXJzMy9GaWxlcy9GOS9GOUYxOURFQi1CRjhGLTRCMTEtQUZGRi05Q0I5RjMyOEUxNDUucGRm0hcLGBlXTlMuZGF0YU8RAggAAAAAAggAAgAAClJvb3QgRHJpdmUAAAAAAAAAAAAAAAAAAAAAANG6jzRIKwAAABwgNx9GOUYxOURFQi1CRjhGLTRCMTEtQSMxQzI3QTMucGRmAAAAAAAAAAAAAAAAAAAAAAAAAAAAAAAAAAAAAAAAAAAAHCejz/t89gAAAAAAAAAAAAQABAAACSAAAAAAAAAAAAAAAAAAAAACRjkAEAAIAADRuvGkAAAAEQAIAADP+99mAAAAAQAYABwgNwAcD5kAHAVCABrx0wAaXkgAAAB1AAIAXFJvb3QgRHJpdmU6VXNlcnM6AG1hcms6AERyb3Bib3g6AExpYnJhcnkucGFwZXJzMzoARmlsZXM6AEY5OgBGOUYxOURFQi1CRjhGLTRCMTEtQSMxQzI3QTMucGRmAA4AUgAoAEYAOQBGADEAOQBEAEUAQgAtAEIARgA4AEYALQA0AEIAMQAxAC0AQQBGAEYARgAtADkAQwBCADkARgAzADIAOABFADEANAA1AC4AcABkAGYADwAWAAoAUgBvAG8AdAAgAEQAcgBpAHYAZQASAFRVc2Vycy9tYXJrL0Ryb3Bib3gvTGlicmFyeS5wYXBlcnMzL0ZpbGVzL0Y5L0Y5RjE5REVCLUJGOEYtNEIxMS1BRkZGLTlDQjlGMzI4RTE0NS5wZGYAEwABLwAAFQACAAv//wAAgAbSGxwdHlokY2xhc3NuYW1lWCRjbGFzc2VzXU5TTXV0YWJsZURhdGGjHR8gVk5TRGF0YVhOU09iamVjdNIbHCIjXE5TRGljdGlvbmFyeaIiIF8QD05TS2V5ZWRBcmNoaXZlctEmJ1Ryb290gAEACAARABoAIwAtADIANwBAAEYATQBVAGAAZwBqAGwAbgBxAHMAdQB3AIQAjgDeAOMA6wL3AvkC/gMJAxIDIAMkAysDNAM5A0YDSQNbA14DYwAAAAAAAAIBAAAAAAAAACgAAAAAAAAAAAAAAAAAAANl},
	Bdsk-Url-1 = {http://linkinghub.elsevier.com/retrieve/pii/S0305440314002593},
	Bdsk-Url-2 = {http://dx.doi.org/10.1016/j.jas.2014.07.014}}

@article{Csillery2010,
	Author = {Csill{\'e}ry, Katalin and Blum, Michael G B and Gaggiotti, Oscar E and Fran{\c c}ois, Olivier},
	Date-Added = {2015-11-28 16:54:04 +0000},
	Date-Modified = {2015-11-28 16:54:04 +0000},
	Doi = {10.1016/j.tree.2010.04.001},
	File = {{20276840-CB09-481F-A5AD-D8AA34EA5091.pdf:/Users/mark/Dropbox/Library.papers3/Files/20/20276840-CB09-481F-A5AD-D8AA34EA5091.pdf:application/pdf;20276840-CB09-481F-A5AD-D8AA34EA5091.pdf:/Users/mark/Dropbox/Library.papers3/Files/20/20276840-CB09-481F-A5AD-D8AA34EA5091.pdf:application/pdf}},
	Journal = {Trends in Ecology {\&} Evolution},
	Language = {English},
	Local-Url = {file://localhost/Users/mark/Dropbox/Library.papers3/Files/20/20276840-CB09-481F-A5AD-D8AA34EA5091.pdf},
	Month = jul,
	Number = {7},
	Owner = {mark},
	Pages = {410--418},
	Rating = {0},
	Read = {Yes},
	Timestamp = {2015.10.26},
	Title = {{Approximate Bayesian Computation (ABC) in practice}},
	Uri = {\url{papers3://publication/doi/10.1016/j.tree.2010.04.001}},
	Url = {http://linkinghub.elsevier.com/retrieve/pii/S0169534710000662},
	Volume = {25},
	Year = {2010},
	Bdsk-File-1 = {YnBsaXN0MDDUAQIDBAUGJCVYJHZlcnNpb25YJG9iamVjdHNZJGFyY2hpdmVyVCR0b3ASAAGGoKgHCBMUFRYaIVUkbnVsbNMJCgsMDxJXTlMua2V5c1pOUy5vYmplY3RzViRjbGFzc6INDoACgAOiEBGABIAFgAdccmVsYXRpdmVQYXRoWWFsaWFzRGF0YV8QTS4uLy4uLy4uLy4uL0xpYnJhcnkucGFwZXJzMy9GaWxlcy8yMC8yMDI3Njg0MC1DQjA5LTQ4MUYtQTVBRC1EOEFBMzRFQTUwOTEucGRm0hcLGBlXTlMuZGF0YU8RAggAAAAAAggAAgAAClJvb3QgRHJpdmUAAAAAAAAAAAAAAAAAAAAAANG6jzRIKwAAABwfXR8yMDI3Njg0MC1DQjA5LTQ4MUYtQSMxQzIxMzQucGRmAAAAAAAAAAAAAAAAAAAAAAAAAAAAAAAAAAAAAAAAAAAAHCE0z/9w5gAAAAAAAAAAAAQABAAACSAAAAAAAAAAAAAAAAAAAAACMjAAEAAIAADRuvGkAAAAEQAIAADP/9NWAAAAAQAYABwfXQAcD5kAHAVCABrx0wAaXkgAAAB1AAIAXFJvb3QgRHJpdmU6VXNlcnM6AG1hcms6AERyb3Bib3g6AExpYnJhcnkucGFwZXJzMzoARmlsZXM6ADIwOgAyMDI3Njg0MC1DQjA5LTQ4MUYtQSMxQzIxMzQucGRmAA4AUgAoADIAMAAyADcANgA4ADQAMAAtAEMAQgAwADkALQA0ADgAMQBGAC0AQQA1AEEARAAtAEQAOABBAEEAMwA0AEUAQQA1ADAAOQAxAC4AcABkAGYADwAWAAoAUgBvAG8AdAAgAEQAcgBpAHYAZQASAFRVc2Vycy9tYXJrL0Ryb3Bib3gvTGlicmFyeS5wYXBlcnMzL0ZpbGVzLzIwLzIwMjc2ODQwLUNCMDktNDgxRi1BNUFELUQ4QUEzNEVBNTA5MS5wZGYAEwABLwAAFQACAAv//wAAgAbSGxwdHlokY2xhc3NuYW1lWCRjbGFzc2VzXU5TTXV0YWJsZURhdGGjHR8gVk5TRGF0YVhOU09iamVjdNIbHCIjXE5TRGljdGlvbmFyeaIiIF8QD05TS2V5ZWRBcmNoaXZlctEmJ1Ryb290gAEACAARABoAIwAtADIANwBAAEYATQBVAGAAZwBqAGwAbgBxAHMAdQB3AIQAjgDeAOMA6wL3AvkC/gMJAxIDIAMkAysDNAM5A0YDSQNbA14DYwAAAAAAAAIBAAAAAAAAACgAAAAAAAAAAAAAAAAAAANl},
	Bdsk-Url-1 = {http://linkinghub.elsevier.com/retrieve/pii/S0169534710000662},
	Bdsk-Url-2 = {http://dx.doi.org/10.1016/j.tree.2010.04.001}}

@article{Hamilton2005,
	Abstract = {Approximate Bayesian computation (ABC) is a highly flexible technique
	that allows the estimation of parameters under demographic models
	that are too complex to be handled by full-likelihood methods. We
	assess the utility of this method to estimate the parameters of range
	expansion in a two-dimensional stepping-stone model, using samples
	from either a single deme or multiple demes. A minor modification
	to the ABC procedure is introduced, which leads to an improvement
	in the accuracy of estimation. The method is then used to estimate
	the expansion time and migration rates for five natural common vole
	populations in Switzerland typed for a sex-linked marker and a nuclear
	marker. Estimates based on both markers suggest that expansion occurred
	<10,000 years ago, after the most recent glaciation, and that migration
	rates are strongly male biased.},
	Author = {Hamilton, Grant G and Currat, Mathias M and Ray, Nicolas N and Heckel, Gerald G and Beaumont, Mark M and Excoffier, Laurent L},
	Date-Added = {2015-11-28 16:54:04 +0000},
	Date-Modified = {2015-11-28 16:54:04 +0000},
	Doi = {10.1534/genetics.104.034199},
	File = {{Genetics_2005_Hamilton.pdf:/Users/mark/Dropbox/Library.papers3/2005/Hamilton/Genetics_2005_Hamilton.pdf:application/pdf}},
	Journal = {Genetics},
	Language = {English},
	Local-Url = {file://localhost/Users/mark/Dropbox/Library.papers3/2005/Hamilton/Genetics_2005_Hamilton.pdf},
	Month = may,
	Number = {1},
	Owner = {mark},
	Pages = {409--417},
	Rating = {0},
	Read = {Yes},
	Timestamp = {2015.10.26},
	Title = {{Bayesian estimation of recent migration rates after a spatial expansion.}},
	Uri = {\url{papers3://publication/doi/10.1534/genetics.104.034199}},
	Url = {http://www.genetics.org.offcampus.lib.washington.edu/content/170/1/409.short},
	Volume = {170},
	Year = {2005},
	Bdsk-File-1 = {YnBsaXN0MDDUAQIDBAUGJCVYJHZlcnNpb25YJG9iamVjdHNZJGFyY2hpdmVyVCR0b3ASAAGGoKgHCBMUFRYaIVUkbnVsbNMJCgsMDxJXTlMua2V5c1pOUy5vYmplY3RzViRjbGFzc6INDoACgAOiEBGABIAFgAdccmVsYXRpdmVQYXRoWWFsaWFzRGF0YV8QRC4uLy4uLy4uLy4uL0xpYnJhcnkucGFwZXJzMy8yMDA1L0hhbWlsdG9uL0dlbmV0aWNzXzIwMDVfSGFtaWx0b24ucGRm0hcLGBlXTlMuZGF0YU8RAeoAAAAAAeoAAgAAClJvb3QgRHJpdmUAAAAAAAAAAAAAAAAAAAAAANG6jzRIKwAAABwWABpHZW5ldGljc18yMDA1X0hhbWlsdG9uLnBkZgAAAAAAAAAAAAAAAAAAAAAAAAAAAAAAAAAAAAAAAAAAAAAAAAAAHBctzV8TfQAAAAAAAAAAAAQABAAACSAAAAAAAAAAAAAAAAAAAAAISGFtaWx0b24AEAAIAADRuvGkAAAAEQAIAADNX4P9AAAAAQAYABwWAAAcD4wAHAVCABrx0wAaXkgAAAB1AAIAXFJvb3QgRHJpdmU6VXNlcnM6AG1hcms6AERyb3Bib3g6AExpYnJhcnkucGFwZXJzMzoAMjAwNToASGFtaWx0b246AEdlbmV0aWNzXzIwMDVfSGFtaWx0b24ucGRmAA4ANgAaAEcAZQBuAGUAdABpAGMAcwBfADIAMAAwADUAXwBIAGEAbQBpAGwAdABvAG4ALgBwAGQAZgAPABYACgBSAG8AbwB0ACAARAByAGkAdgBlABIAS1VzZXJzL21hcmsvRHJvcGJveC9MaWJyYXJ5LnBhcGVyczMvMjAwNS9IYW1pbHRvbi9HZW5ldGljc18yMDA1X0hhbWlsdG9uLnBkZgAAEwABLwAAFQACAAv//wAAgAbSGxwdHlokY2xhc3NuYW1lWCRjbGFzc2VzXU5TTXV0YWJsZURhdGGjHR8gVk5TRGF0YVhOU09iamVjdNIbHCIjXE5TRGljdGlvbmFyeaIiIF8QD05TS2V5ZWRBcmNoaXZlctEmJ1Ryb290gAEACAARABoAIwAtADIANwBAAEYATQBVAGAAZwBqAGwAbgBxAHMAdQB3AIQAjgDVANoA4gLQAtIC1wLiAusC+QL9AwQDDQMSAx8DIgM0AzcDPAAAAAAAAAIBAAAAAAAAACgAAAAAAAAAAAAAAAAAAAM+},
	Bdsk-Url-1 = {http://www.genetics.org.offcampus.lib.washington.edu/content/170/1/409.short},
	Bdsk-Url-2 = {http://dx.doi.org/10.1534/genetics.104.034199}}

@article{Marin2011,
	Author = {Marin, Jean-Michel and Pudlo, Pierre and Robert, Christian P and Ryder, Robin},
	Date-Added = {2015-11-28 16:54:04 +0000},
	Date-Modified = {2015-11-28 16:54:04 +0000},
	Eprint = {1101.0955},
	Eprinttype = {arxiv},
	File = {{8984CAA1-5545-4D81-BFBA-6417DC039C78.pdf:/Users/mark/Dropbox/Library.papers3/Files/89/8984CAA1-5545-4D81-BFBA-6417DC039C78.pdf:application/pdf}},
	Local-Url = {file://localhost/Users/mark/Dropbox/Library.papers3/Files/89/8984CAA1-5545-4D81-BFBA-6417DC039C78.pdf},
	Month = jan,
	Owner = {mark},
	Rating = {0},
	Read = {Yes},
	Timestamp = {2015.10.26},
	Title = {{Approximate Bayesian Computational methods}},
	Uri = {\url{papers3://publication/uuid/3DF29CB1-4A15-4BB8-BAFC-C5815D4185B4}},
	Url = {http://arxiv.org/abs/1101.0955},
	Year = {2011},
	Bdsk-File-1 = {YnBsaXN0MDDUAQIDBAUGJCVYJHZlcnNpb25YJG9iamVjdHNZJGFyY2hpdmVyVCR0b3ASAAGGoKgHCBMUFRYaIVUkbnVsbNMJCgsMDxJXTlMua2V5c1pOUy5vYmplY3RzViRjbGFzc6INDoACgAOiEBGABIAFgAdccmVsYXRpdmVQYXRoWWFsaWFzRGF0YV8QTS4uLy4uLy4uLy4uL0xpYnJhcnkucGFwZXJzMy9GaWxlcy84OS84OTg0Q0FBMS01NTQ1LTREODEtQkZCQS02NDE3REMwMzlDNzgucGRm0hcLGBlXTlMuZGF0YU8RAggAAAAAAggAAgAAClJvb3QgRHJpdmUAAAAAAAAAAAAAAAAAAAAAANG6jzRIKwAAABwfxx84OTg0Q0FBMS01NTQ1LTREODEtQiMxQzI0NDIucGRmAAAAAAAAAAAAAAAAAAAAAAAAAAAAAAAAAAAAAAAAAAAAHCRC0A3xYwAAAAAAAAAAAAQABAAACSAAAAAAAAAAAAAAAAAAAAACODkAEAAIAADRuvGkAAAAEQAIAADQDlPTAAAAAQAYABwfxwAcD5kAHAVCABrx0wAaXkgAAAB1AAIAXFJvb3QgRHJpdmU6VXNlcnM6AG1hcms6AERyb3Bib3g6AExpYnJhcnkucGFwZXJzMzoARmlsZXM6ADg5OgA4OTg0Q0FBMS01NTQ1LTREODEtQiMxQzI0NDIucGRmAA4AUgAoADgAOQA4ADQAQwBBAEEAMQAtADUANQA0ADUALQA0AEQAOAAxAC0AQgBGAEIAQQAtADYANAAxADcARABDADAAMwA5AEMANwA4AC4AcABkAGYADwAWAAoAUgBvAG8AdAAgAEQAcgBpAHYAZQASAFRVc2Vycy9tYXJrL0Ryb3Bib3gvTGlicmFyeS5wYXBlcnMzL0ZpbGVzLzg5Lzg5ODRDQUExLTU1NDUtNEQ4MS1CRkJBLTY0MTdEQzAzOUM3OC5wZGYAEwABLwAAFQACAAv//wAAgAbSGxwdHlokY2xhc3NuYW1lWCRjbGFzc2VzXU5TTXV0YWJsZURhdGGjHR8gVk5TRGF0YVhOU09iamVjdNIbHCIjXE5TRGljdGlvbmFyeaIiIF8QD05TS2V5ZWRBcmNoaXZlctEmJ1Ryb290gAEACAARABoAIwAtADIANwBAAEYATQBVAGAAZwBqAGwAbgBxAHMAdQB3AIQAjgDeAOMA6wL3AvkC/gMJAxIDIAMkAysDNAM5A0YDSQNbA14DYwAAAAAAAAIBAAAAAAAAACgAAAAAAAAAAAAAAAAAAANl},
	Bdsk-Url-1 = {http://arxiv.org/abs/1101.0955}}

@article{Marin2012,
	Author = {Marin, Jean-Michel and Pudlo, Pierre and Robert, Christian P and Ryder, Robin J},
	Date-Added = {2015-11-28 16:54:04 +0000},
	Date-Modified = {2015-11-28 16:54:04 +0000},
	Journal = {Statistics and Computing},
	Number = {6},
	Owner = {mark},
	Pages = {1167--1180},
	Publisher = {Springer},
	Timestamp = {2015.10.26},
	Title = {Approximate Bayesian computational methods},
	Volume = {22},
	Year = {2012}}

@article{Robert2011,
	Author = {Robert, Christian and Marin, Jean-Michel and Pillai, Natesh S},
	Date-Added = {2015-11-28 16:54:04 +0000},
	Date-Modified = {2015-11-28 16:54:04 +0000},
	Eprint = {1101.5091},
	Eprinttype = {arxiv},
	File = {{95150DCE-3AFC-4955-AE52-A1669E48EA35.pdf:/Users/mark/Dropbox/Library.papers3/Files/95/95150DCE-3AFC-4955-AE52-A1669E48EA35.pdf:application/pdf}},
	Local-Url = {file://localhost/Users/mark/Dropbox/Library.papers3/Files/95/95150DCE-3AFC-4955-AE52-A1669E48EA35.pdf},
	Month = jan,
	Owner = {mark},
	Rating = {0},
	Read = {Yes},
	Timestamp = {2015.10.26},
	Title = {{Why approximate Bayesian computational (ABC) methods cannot handle model choice problems}},
	Uri = {\url{papers3://publication/uuid/570C731F-A719-43E3-A82B-2FC1573FD6FC}},
	Url = {http://arxiv.org/abs/1101.5091},
	Year = {2011},
	Bdsk-File-1 = {YnBsaXN0MDDUAQIDBAUGJCVYJHZlcnNpb25YJG9iamVjdHNZJGFyY2hpdmVyVCR0b3ASAAGGoKgHCBMUFRYaIVUkbnVsbNMJCgsMDxJXTlMua2V5c1pOUy5vYmplY3RzViRjbGFzc6INDoACgAOiEBGABIAFgAdccmVsYXRpdmVQYXRoWWFsaWFzRGF0YV8QTS4uLy4uLy4uLy4uL0xpYnJhcnkucGFwZXJzMy9GaWxlcy85NS85NTE1MERDRS0zQUZDLTQ5NTUtQUU1Mi1BMTY2OUU0OEVBMzUucGRm0hcLGBlXTlMuZGF0YU8RAggAAAAAAggAAgAAClJvb3QgRHJpdmUAAAAAAAAAAAAAAAAAAAAAANG6jzRIKwAAABwf0x85NTE1MERDRS0zQUZDLTQ5NTUtQSMxQzI0QTMucGRmAAAAAAAAAAAAAAAAAAAAAAAAAAAAAAAAAAAAAAAAAAAAHCSj0A3xYwAAAAAAAAAAAAQABAAACSAAAAAAAAAAAAAAAAAAAAACOTUAEAAIAADRuvGkAAAAEQAIAADQDlPTAAAAAQAYABwf0wAcD5kAHAVCABrx0wAaXkgAAAB1AAIAXFJvb3QgRHJpdmU6VXNlcnM6AG1hcms6AERyb3Bib3g6AExpYnJhcnkucGFwZXJzMzoARmlsZXM6ADk1OgA5NTE1MERDRS0zQUZDLTQ5NTUtQSMxQzI0QTMucGRmAA4AUgAoADkANQAxADUAMABEAEMARQAtADMAQQBGAEMALQA0ADkANQA1AC0AQQBFADUAMgAtAEEAMQA2ADYAOQBFADQAOABFAEEAMwA1AC4AcABkAGYADwAWAAoAUgBvAG8AdAAgAEQAcgBpAHYAZQASAFRVc2Vycy9tYXJrL0Ryb3Bib3gvTGlicmFyeS5wYXBlcnMzL0ZpbGVzLzk1Lzk1MTUwRENFLTNBRkMtNDk1NS1BRTUyLUExNjY5RTQ4RUEzNS5wZGYAEwABLwAAFQACAAv//wAAgAbSGxwdHlokY2xhc3NuYW1lWCRjbGFzc2VzXU5TTXV0YWJsZURhdGGjHR8gVk5TRGF0YVhOU09iamVjdNIbHCIjXE5TRGljdGlvbmFyeaIiIF8QD05TS2V5ZWRBcmNoaXZlctEmJ1Ryb290gAEACAARABoAIwAtADIANwBAAEYATQBVAGAAZwBqAGwAbgBxAHMAdQB3AIQAjgDeAOMA6wL3AvkC/gMJAxIDIAMkAysDNAM5A0YDSQNbA14DYwAAAAAAAAIBAAAAAAAAACgAAAAAAAAAAAAAAAAAAANl},
	Bdsk-Url-1 = {http://arxiv.org/abs/1101.5091}}

@article{Robert2011a,
	Abstract = {Approximate Bayesian computation (ABC) have become an essential tool
	for the analysis of complex stochastic models. Grelaud et al. [(2009)
	Bayesian Anal 3:427-442] advocated the use of ABC for model choice
	in the specific case of Gibbs random fields, relying on an intermodel
	sufficiency property to show that the approximation was legitimate.
	We implemented ABC model choice in a wide range of phylogenetic models
	in the Do It Yourself-ABC (DIY-ABC) software [Cornuet et al. (2008)
	Bioinformatics 24:2713-2719]. We now present arguments as to why
	the theoretical arguments for ABC model choice are missing, because
	the algorithm involves an unknown loss of information induced by
	the use of insufficient summary statistics. The approximation error
	of the posterior probabilities of the models under comparison may
	thus be unrelated with the computational effort spent in running
	an ABC algorithm. We then conclude that additional empirical verifications
	of the performances of the ABC procedure as those available in DIY-ABC
	are necessary to conduct model choice.},
	Affiliation = {Universit{\'e} Paris-Dauphine, 75775 Paris cedex 16, France. Christian.Robert@ceremade.dauphine.fr},
	Author = {Robert, Christian P and Cornuet, Jean-Marie and Marin, Jean-Michel and Pillai, Natesh S},
	Date-Added = {2015-11-28 16:54:04 +0000},
	Date-Modified = {2015-11-28 16:54:04 +0000},
	Doi = {10.1073/pnas.1102900108},
	File = {{71DA64C0-EB51-41B8-91C8-A6F25192A7A6.pdf:/Users/mark/Dropbox/Library.papers3/Files/71/71DA64C0-EB51-41B8-91C8-A6F25192A7A6.pdf:application/pdf;71DA64C0-EB51-41B8-91C8-A6F25192A7A6.pdf:/Users/mark/Dropbox/Library.papers3/Files/71/71DA64C0-EB51-41B8-91C8-A6F25192A7A6.pdf:application/pdf}},
	Journal = {Proceedings of the National Academy of Sciences of the United States of America},
	Language = {English},
	Local-Url = {file://localhost/Users/mark/Dropbox/Library.papers3/Files/71/71DA64C0-EB51-41B8-91C8-A6F25192A7A6.pdf},
	Month = sep,
	Number = {37},
	Owner = {mark},
	Pages = {15112--15117},
	Pmcid = {PMC3174657},
	Pmid = {21876135},
	Publisher = {National Acad Sciences},
	Rating = {0},
	Read = {Yes},
	Timestamp = {2015.10.26},
	Title = {{Lack of confidence in approximate Bayesian computation model choice.}},
	Uri = {\url{papers3://publication/doi/10.1073/pnas.1102900108}},
	Url = {http://www.pnas.org.offcampus.lib.washington.edu/content/108/37/15112.full},
	Volume = {108},
	Year = {2011},
	Bdsk-File-1 = {YnBsaXN0MDDUAQIDBAUGJCVYJHZlcnNpb25YJG9iamVjdHNZJGFyY2hpdmVyVCR0b3ASAAGGoKgHCBMUFRYaIVUkbnVsbNMJCgsMDxJXTlMua2V5c1pOUy5vYmplY3RzViRjbGFzc6INDoACgAOiEBGABIAFgAdccmVsYXRpdmVQYXRoWWFsaWFzRGF0YV8QTS4uLy4uLy4uLy4uL0xpYnJhcnkucGFwZXJzMy9GaWxlcy83MS83MURBNjRDMC1FQjUxLTQxQjgtOTFDOC1BNkYyNTE5MkE3QTYucGRm0hcLGBlXTlMuZGF0YU8RAggAAAAAAggAAgAAClJvb3QgRHJpdmUAAAAAAAAAAAAAAAAAAAAAANG6jzRIKwAAABwfrx83MURBNjRDMC1FQjUxLTQxQjgtOSMxQzIzODIucGRmAAAAAAAAAAAAAAAAAAAAAAAAAAAAAAAAAAAAAAAAAAAAHCOCz/+wOgAAAAAAAAAAAAQABAAACSAAAAAAAAAAAAAAAAAAAAACNzEAEAAIAADRuvGkAAAAEQAIAADQABKqAAAAAQAYABwfrwAcD5kAHAVCABrx0wAaXkgAAAB1AAIAXFJvb3QgRHJpdmU6VXNlcnM6AG1hcms6AERyb3Bib3g6AExpYnJhcnkucGFwZXJzMzoARmlsZXM6ADcxOgA3MURBNjRDMC1FQjUxLTQxQjgtOSMxQzIzODIucGRmAA4AUgAoADcAMQBEAEEANgA0AEMAMAAtAEUAQgA1ADEALQA0ADEAQgA4AC0AOQAxAEMAOAAtAEEANgBGADIANQAxADkAMgBBADcAQQA2AC4AcABkAGYADwAWAAoAUgBvAG8AdAAgAEQAcgBpAHYAZQASAFRVc2Vycy9tYXJrL0Ryb3Bib3gvTGlicmFyeS5wYXBlcnMzL0ZpbGVzLzcxLzcxREE2NEMwLUVCNTEtNDFCOC05MUM4LUE2RjI1MTkyQTdBNi5wZGYAEwABLwAAFQACAAv//wAAgAbSGxwdHlokY2xhc3NuYW1lWCRjbGFzc2VzXU5TTXV0YWJsZURhdGGjHR8gVk5TRGF0YVhOU09iamVjdNIbHCIjXE5TRGljdGlvbmFyeaIiIF8QD05TS2V5ZWRBcmNoaXZlctEmJ1Ryb290gAEACAARABoAIwAtADIANwBAAEYATQBVAGAAZwBqAGwAbgBxAHMAdQB3AIQAjgDeAOMA6wL3AvkC/gMJAxIDIAMkAysDNAM5A0YDSQNbA14DYwAAAAAAAAIBAAAAAAAAACgAAAAAAAAAAAAAAAAAAANl},
	Bdsk-Url-1 = {http://www.pnas.org.offcampus.lib.washington.edu/content/108/37/15112.full},
	Bdsk-Url-2 = {http://dx.doi.org/10.1073/pnas.1102900108}}

@article{Robinson2013,
	Author = {Robinson, John D and Hall, David W and Wares, John P},
	Date-Added = {2015-11-28 16:54:04 +0000},
	Date-Modified = {2015-11-28 16:54:04 +0000},
	Doi = {10.1111/mec.12283},
	File = {{00DD03FC-4266-4BC5-ADA8-5BCDF35DB853.pdf:/Users/mark/Dropbox/Library.papers3/Files/00/00DD03FC-4266-4BC5-ADA8-5BCDF35DB853.pdf:application/pdf;00DD03FC-4266-4BC5-ADA8-5BCDF35DB853.pdf:/Users/mark/Dropbox/Library.papers3/Files/00/00DD03FC-4266-4BC5-ADA8-5BCDF35DB853.pdf:application/pdf}},
	Journal = {Molecular Ecology},
	Language = {English},
	Local-Url = {file://localhost/Users/mark/Dropbox/Library.papers3/Files/00/00DD03FC-4266-4BC5-ADA8-5BCDF35DB853.pdf},
	Month = may,
	Number = {10},
	Owner = {mark},
	Pages = {2627--2639},
	Rating = {0},
	Read = {Yes},
	Timestamp = {2015.10.26},
	Title = {{Approximate Bayesian estimation of extinction rate in the Finnish Daphnia magna metapopulation}},
	Uri = {\url{papers3://publication/doi/10.1111/mec.12283}},
	Url = {http://onlinelibrary.wiley.com.offcampus.lib.washington.edu/doi/10.1111/mec.12283/full},
	Volume = {22},
	Year = {2013},
	Bdsk-File-1 = {YnBsaXN0MDDUAQIDBAUGJCVYJHZlcnNpb25YJG9iamVjdHNZJGFyY2hpdmVyVCR0b3ASAAGGoKgHCBMUFRYaIVUkbnVsbNMJCgsMDxJXTlMua2V5c1pOUy5vYmplY3RzViRjbGFzc6INDoACgAOiEBGABIAFgAdccmVsYXRpdmVQYXRoWWFsaWFzRGF0YV8QTS4uLy4uLy4uLy4uL0xpYnJhcnkucGFwZXJzMy9GaWxlcy8wMC8wMEREMDNGQy00MjY2LTRCQzUtQURBOC01QkNERjM1REI4NTMucGRm0hcLGBlXTlMuZGF0YU8RAggAAAAAAggAAgAAClJvb3QgRHJpdmUAAAAAAAAAAAAAAAAAAAAAANG6jzRIKwAAABwfPR8wMEREMDNGQy00MjY2LTRCQzUtQSMxQzIwNzAucGRmAAAAAAAAAAAAAAAAAAAAAAAAAAAAAAAAAAAAAAAAAAAAHCBw0BXaUwAAAAAAAAAAAAQABAAACSAAAAAAAAAAAAAAAAAAAAACMDAAEAAIAADRuvGkAAAAEQAIAADQFjzDAAAAAQAYABwfPQAcD5kAHAVCABrx0wAaXkgAAAB1AAIAXFJvb3QgRHJpdmU6VXNlcnM6AG1hcms6AERyb3Bib3g6AExpYnJhcnkucGFwZXJzMzoARmlsZXM6ADAwOgAwMEREMDNGQy00MjY2LTRCQzUtQSMxQzIwNzAucGRmAA4AUgAoADAAMABEAEQAMAAzAEYAQwAtADQAMgA2ADYALQA0AEIAQwA1AC0AQQBEAEEAOAAtADUAQgBDAEQARgAzADUARABCADgANQAzAC4AcABkAGYADwAWAAoAUgBvAG8AdAAgAEQAcgBpAHYAZQASAFRVc2Vycy9tYXJrL0Ryb3Bib3gvTGlicmFyeS5wYXBlcnMzL0ZpbGVzLzAwLzAwREQwM0ZDLTQyNjYtNEJDNS1BREE4LTVCQ0RGMzVEQjg1My5wZGYAEwABLwAAFQACAAv//wAAgAbSGxwdHlokY2xhc3NuYW1lWCRjbGFzc2VzXU5TTXV0YWJsZURhdGGjHR8gVk5TRGF0YVhOU09iamVjdNIbHCIjXE5TRGljdGlvbmFyeaIiIF8QD05TS2V5ZWRBcmNoaXZlctEmJ1Ryb290gAEACAARABoAIwAtADIANwBAAEYATQBVAGAAZwBqAGwAbgBxAHMAdQB3AIQAjgDeAOMA6wL3AvkC/gMJAxIDIAMkAysDNAM5A0YDSQNbA14DYwAAAAAAAAIBAAAAAAAAACgAAAAAAAAAAAAAAAAAAANl},
	Bdsk-Url-1 = {http://onlinelibrary.wiley.com.offcampus.lib.washington.edu/doi/10.1111/mec.12283/full},
	Bdsk-Url-2 = {http://dx.doi.org/10.1111/mec.12283}}

@other{Sottoriva2010,
	Author = {Sottoriva, Andrea and Tavare, S},
	Date-Added = {2015-11-28 16:54:04 +0000},
	Date-Modified = {2015-11-28 16:54:04 +0000},
	File = {{Sottoriva.pdf:/Users/mark/Dropbox/Library.papers3/Unknown/Sottoriva/Sottoriva.pdf:application/pdf}},
	Local-Url = {file://localhost/Users/mark/Dropbox/Library.papers3/Unknown/Sottoriva/Sottoriva.pdf},
	Owner = {mark},
	Rating = {0},
	Read = {Yes},
	Timestamp = {2015.10.26},
	Title = {{Integrating Approximate Bayesian Computation with Complex Agent-Based Models for Cancer Research}},
	Uri = {\url{papers3://publication/uuid/146B02F5-1A00-4846-B6F6-F0114A346135}},
	Url = {http://www.cmb.usc.edu/people/stavare/STpapers-pdf/AT10.pdf},
	Year = {2010},
	Bdsk-File-1 = {YnBsaXN0MDDUAQIDBAUGJCVYJHZlcnNpb25YJG9iamVjdHNZJGFyY2hpdmVyVCR0b3ASAAGGoKgHCBMUFRYaIVUkbnVsbNMJCgsMDxJXTlMua2V5c1pOUy5vYmplY3RzViRjbGFzc6INDoACgAOiEBGABIAFgAdccmVsYXRpdmVQYXRoWWFsaWFzRGF0YV8QOy4uLy4uLy4uLy4uL0xpYnJhcnkucGFwZXJzMy9Vbmtub3duL1NvdHRvcml2YS9Tb3R0b3JpdmEucGRm0hcLGBlXTlMuZGF0YU8RAcAAAAAAAcAAAgAAClJvb3QgRHJpdmUAAAAAAAAAAAAAAAAAAAAAANG6jzRIKwAAABwoBA1Tb3R0b3JpdmEucGRmAAAAAAAAAAAAAAAAAAAAAAAAAAAAAAAAAAAAAAAAAAAAAAAAAAAAAAAAAAAAAAAAAAAAHCoOzV8TfQAAAAAAAAAAAAQABAAACSAAAAAAAAAAAAAAAAAAAAAJU290dG9yaXZhAAAQAAgAANG68aQAAAARAAgAAM1fg/0AAAABABgAHCgEABwPngAcBUIAGvHTABpeSAAAAHUAAgBTUm9vdCBEcml2ZTpVc2VyczoAbWFyazoARHJvcGJveDoATGlicmFyeS5wYXBlcnMzOgBVbmtub3duOgBTb3R0b3JpdmE6AFNvdHRvcml2YS5wZGYAAA4AHAANAFMAbwB0AHQAbwByAGkAdgBhAC4AcABkAGYADwAWAAoAUgBvAG8AdAAgAEQAcgBpAHYAZQASAEJVc2Vycy9tYXJrL0Ryb3Bib3gvTGlicmFyeS5wYXBlcnMzL1Vua25vd24vU290dG9yaXZhL1NvdHRvcml2YS5wZGYAEwABLwAAFQACAAv//wAAgAbSGxwdHlokY2xhc3NuYW1lWCRjbGFzc2VzXU5TTXV0YWJsZURhdGGjHR8gVk5TRGF0YVhOU09iamVjdNIbHCIjXE5TRGljdGlvbmFyeaIiIF8QD05TS2V5ZWRBcmNoaXZlctEmJ1Ryb290gAEACAARABoAIwAtADIANwBAAEYATQBVAGAAZwBqAGwAbgBxAHMAdQB3AIQAjgDMANEA2QKdAp8CpAKvArgCxgLKAtEC2gLfAuwC7wMBAwQDCQAAAAAAAAIBAAAAAAAAACgAAAAAAAAAAAAAAAAAAAML},
	Bdsk-Url-1 = {http://www.cmb.usc.edu/people/stavare/STpapers-pdf/AT10.pdf}}

@article{Toni2009,
	Abstract = {Approximate Bayesian computation (ABC) methods can be used to evaluate
	posterior distributions without having to calculate likelihoods.
	In this paper, we discuss and apply an ABC method based on sequential
	Monte Carlo (SMC) to estimate parameters of dynamical models. We
	show that ABC SMC provides information about the inferability of
	parameters and model sensitivity to changes in parameters, and tends
	to perform better than other ABC approaches. The algorithm is applied
	to several well-known biological systems, for which parameters and
	their credible intervals are inferred. Moreover, we develop ABC SMC
	as a tool for model selection; given a range of different mathematical
	descriptions, ABC SMC is able to choose the best model using the
	standard Bayesian model selection apparatus.},
	Affiliation = {Centre for Bioinformatics, Division of Molecular Biosciences, Imperial College London, London SW7 2AZ, UK. ttoni@imperial.ac.uk},
	Author = {Toni, Tina and Welch, David and Strelkowa, Natalja and Ipsen, Andreas and Stumpf, Michael P H},
	Date-Added = {2015-11-28 16:54:04 +0000},
	Date-Modified = {2015-11-28 16:54:04 +0000},
	Doi = {10.1098/rsif.2008.0172},
	File = {{E30E0722-8B8F-45BF-A8C6-9AE4CF44B364.pdf:/Users/mark/Dropbox/Library.papers3/Files/E3/E30E0722-8B8F-45BF-A8C6-9AE4CF44B364.pdf:application/pdf;E30E0722-8B8F-45BF-A8C6-9AE4CF44B364.pdf:/Users/mark/Dropbox/Library.papers3/Files/E3/E30E0722-8B8F-45BF-A8C6-9AE4CF44B364.pdf:application/pdf}},
	Journal = {Journal of Royal Society Interface},
	Language = {English},
	Local-Url = {file://localhost/Users/mark/Dropbox/Library.papers3/Files/E3/E30E0722-8B8F-45BF-A8C6-9AE4CF44B364.pdf},
	Month = feb,
	Number = {31},
	Owner = {mark},
	Pages = {187--202},
	Pmcid = {PMC2658655},
	Pmid = {19205079},
	Publisher = {The Royal Society},
	Rating = {0},
	Read = {Yes},
	Timestamp = {2015.10.26},
	Title = {{Approximate Bayesian computation scheme for parameter inference and model selection in dynamical systems.}},
	Uri = {\url{papers3://publication/doi/10.1098/rsif.2008.0172}},
	Url = {http://rsif.royalsocietypublishing.org.offcampus.lib.washington.edu/content/6/31/187.full},
	Volume = {6},
	Year = {2009},
	Bdsk-File-1 = {YnBsaXN0MDDUAQIDBAUGJCVYJHZlcnNpb25YJG9iamVjdHNZJGFyY2hpdmVyVCR0b3ASAAGGoKgHCBMUFRYaIVUkbnVsbNMJCgsMDxJXTlMua2V5c1pOUy5vYmplY3RzViRjbGFzc6INDoACgAOiEBGABIAFgAdccmVsYXRpdmVQYXRoWWFsaWFzRGF0YV8QTS4uLy4uLy4uLy4uL0xpYnJhcnkucGFwZXJzMy9GaWxlcy9FMy9FMzBFMDcyMi04QjhGLTQ1QkYtQThDNi05QUU0Q0Y0NEIzNjQucGRm0hcLGBlXTlMuZGF0YU8RAggAAAAAAggAAgAAClJvb3QgRHJpdmUAAAAAAAAAAAAAAAAAAAAAANG6jzRIKwAAABwgIR9FMzBFMDcyMi04QjhGLTQ1QkYtQSMxQzI2RjkucGRmAAAAAAAAAAAAAAAAAAAAAAAAAAAAAAAAAAAAAAAAAAAAHCb50A43/AAAAAAAAAAAAAQABAAACSAAAAAAAAAAAAAAAAAAAAACRTMAEAAIAADRuvGkAAAAEQAIAADQDppsAAAAAQAYABwgIQAcD5kAHAVCABrx0wAaXkgAAAB1AAIAXFJvb3QgRHJpdmU6VXNlcnM6AG1hcms6AERyb3Bib3g6AExpYnJhcnkucGFwZXJzMzoARmlsZXM6AEUzOgBFMzBFMDcyMi04QjhGLTQ1QkYtQSMxQzI2RjkucGRmAA4AUgAoAEUAMwAwAEUAMAA3ADIAMgAtADgAQgA4AEYALQA0ADUAQgBGAC0AQQA4AEMANgAtADkAQQBFADQAQwBGADQANABCADMANgA0AC4AcABkAGYADwAWAAoAUgBvAG8AdAAgAEQAcgBpAHYAZQASAFRVc2Vycy9tYXJrL0Ryb3Bib3gvTGlicmFyeS5wYXBlcnMzL0ZpbGVzL0UzL0UzMEUwNzIyLThCOEYtNDVCRi1BOEM2LTlBRTRDRjQ0QjM2NC5wZGYAEwABLwAAFQACAAv//wAAgAbSGxwdHlokY2xhc3NuYW1lWCRjbGFzc2VzXU5TTXV0YWJsZURhdGGjHR8gVk5TRGF0YVhOU09iamVjdNIbHCIjXE5TRGljdGlvbmFyeaIiIF8QD05TS2V5ZWRBcmNoaXZlctEmJ1Ryb290gAEACAARABoAIwAtADIANwBAAEYATQBVAGAAZwBqAGwAbgBxAHMAdQB3AIQAjgDeAOMA6wL3AvkC/gMJAxIDIAMkAysDNAM5A0YDSQNbA14DYwAAAAAAAAIBAAAAAAAAACgAAAAAAAAAAAAAAAAAAANl},
	Bdsk-Url-1 = {http://rsif.royalsocietypublishing.org.offcampus.lib.washington.edu/content/6/31/187.full},
	Bdsk-Url-2 = {http://dx.doi.org/10.1098/rsif.2008.0172}}

@article{Wilkinson2011,
	Abstract = {Estimation of divergence times is usually done using either the fossil
	record or sequence data from modern species. We provide an integrated
	analysis of palaeontological and molecular data to give estimates
	of primate divergence times that utilize both sources of information.
	The number of preserved primate species discovered in the fossil
	record, along with their geological age distribution, is combined
	with the number of extant primate species to provide initial estimates
	of the primate and anthropoid divergence times. This is done by using
	a stochastic forwards-modeling approach where speciation and fossil
	preservation and discovery are simulated forward in time. We use
	the posterior distribution from the fossil analysis as a prior distribution
	on node ages in a molecular analysis. Sequence data from two genomic
	regions (CFTR on human chromosome 7 and the CYP7A1 region on chromosome
	8) from 15 primate species are used with the birth-death model implemented
	in mcmctree in PAML to infer the posterior distribution of the ages
	of 14 nodes in the primate tree. We find that these age estimates
	are older than previously reported dates for all but one of these
	nodes. To perform the inference, a new approximate Bayesian computation
	(ABC) algorithm is introduced, where the structure of the model can
	be exploited in an ABC-within-Gibbs algorithm to provide a more efficient
	analysis.},
	Author = {Wilkinson, Richard D RD and Steiper, Michael E ME and Soligo, Christophe C and Martin, Robert D RD and Yang, Ziheng Z and Tavar{\'e}, Simon S},
	Date-Added = {2015-11-28 16:54:04 +0000},
	Date-Modified = {2015-11-28 16:54:04 +0000},
	Doi = {10.1093/sysbio/syq054},
	File = {{Syst_Biol_2011_Wilkinson.pdf:/Users/mark/Dropbox/Library.papers3/2011/Wilkinson/Syst_Biol_2011_Wilkinson.pdf:application/pdf}},
	Journal = {Systematic Biology},
	Language = {English},
	Local-Url = {file://localhost/Users/mark/Dropbox/Library.papers3/2011/Wilkinson/Syst_Biol_2011_Wilkinson.pdf},
	Month = jan,
	Number = {1},
	Owner = {mark},
	Pages = {16--31},
	Rating = {0},
	Read = {Yes},
	Timestamp = {2015.10.26},
	Title = {{Dating primate divergences through an integrated analysis of palaeontological and molecular data.}},
	Uri = {\url{papers3://publication/doi/10.1093/sysbio/syq054}},
	Url = {http://sysbio.oxfordjournals.org.offcampus.lib.washington.edu/content/60/1/16.short},
	Volume = {60},
	Year = {2011},
	Bdsk-File-1 = {YnBsaXN0MDDUAQIDBAUGJCVYJHZlcnNpb25YJG9iamVjdHNZJGFyY2hpdmVyVCR0b3ASAAGGoKgHCBMUFRYaIVUkbnVsbNMJCgsMDxJXTlMua2V5c1pOUy5vYmplY3RzViRjbGFzc6INDoACgAOiEBGABIAFgAdccmVsYXRpdmVQYXRoWWFsaWFzRGF0YV8QRy4uLy4uLy4uLy4uL0xpYnJhcnkucGFwZXJzMy8yMDExL1dpbGtpbnNvbi9TeXN0X0Jpb2xfMjAxMV9XaWxraW5zb24ucGRm0hcLGBlXTlMuZGF0YU8RAfYAAAAAAfYAAgAAClJvb3QgRHJpdmUAAAAAAAAAAAAAAAAAAAAAANG6jzRIKwAAABwdBxxTeXN0X0Jpb2xfMjAxMV9XaWxraW5zb24ucGRmAAAAAAAAAAAAAAAAAAAAAAAAAAAAAAAAAAAAAAAAAAAAAAAAHB6GzV+sXwAAAAAAAAAAAAQABAAACSAAAAAAAAAAAAAAAAAAAAAJV2lsa2luc29uAAAQAAgAANG68aQAAAARAAgAAM1gHN8AAAABABgAHB0HABwPkgAcBUIAGvHTABpeSAAAAHUAAgBfUm9vdCBEcml2ZTpVc2VyczoAbWFyazoARHJvcGJveDoATGlicmFyeS5wYXBlcnMzOgAyMDExOgBXaWxraW5zb246AFN5c3RfQmlvbF8yMDExX1dpbGtpbnNvbi5wZGYAAA4AOgAcAFMAeQBzAHQAXwBCAGkAbwBsAF8AMgAwADEAMQBfAFcAaQBsAGsAaQBuAHMAbwBuAC4AcABkAGYADwAWAAoAUgBvAG8AdAAgAEQAcgBpAHYAZQASAE5Vc2Vycy9tYXJrL0Ryb3Bib3gvTGlicmFyeS5wYXBlcnMzLzIwMTEvV2lsa2luc29uL1N5c3RfQmlvbF8yMDExX1dpbGtpbnNvbi5wZGYAEwABLwAAFQACAAv//wAAgAbSGxwdHlokY2xhc3NuYW1lWCRjbGFzc2VzXU5TTXV0YWJsZURhdGGjHR8gVk5TRGF0YVhOU09iamVjdNIbHCIjXE5TRGljdGlvbmFyeaIiIF8QD05TS2V5ZWRBcmNoaXZlctEmJ1Ryb290gAEACAARABoAIwAtADIANwBAAEYATQBVAGAAZwBqAGwAbgBxAHMAdQB3AIQAjgDYAN0A5QLfAuEC5gLxAvoDCAMMAxMDHAMhAy4DMQNDA0YDSwAAAAAAAAIBAAAAAAAAACgAAAAAAAAAAAAAAAAAAANN},
	Bdsk-Url-1 = {http://sysbio.oxfordjournals.org.offcampus.lib.washington.edu/content/60/1/16.short},
	Bdsk-Url-2 = {http://dx.doi.org/10.1093/sysbio/syq054}}

@article{Kimura1968,
	Author = {Kimura, M. and others},
	Date-Added = {2015-11-25 21:21:53 +0000},
	Date-Modified = {2015-11-25 21:21:53 +0000},
	Journal = {Genet. Res},
	Pages = {247--269},
	Publisher = {Cambridge Univ Press},
	Title = {Genetic variability maintained in a finite population due to mutational production of neutral and nearly neutral isoalleles},
	Volume = {11},
	Year = {1968}}

@book{Wakeley2008,
	Author = {Wakeley, J.},
	Booktitle = {Coalescent Theory},
	Date-Added = {2015-11-25 16:58:13 +0000},
	Date-Modified = {2015-11-25 16:58:13 +0000},
	Publisher = {Cambridge, Harvard University Press},
	Title = {Coalescent Theory},
	Year = {2008}}

@article{Kingman1977,
	Author = {Kingman, JFC},
	Date-Added = {2015-11-25 16:57:26 +0000},
	Date-Modified = {2015-11-25 16:57:26 +0000},
	Journal = {Theoretical Population Biology},
	Number = {2},
	Pages = {274--283},
	Publisher = {Elsevier},
	Title = {The population structure associated with the Ewens sampling formula},
	Volume = {11},
	Year = {1977}}

@article{Peng2005,
	Author = {Peng, B. and Kimmel, M.},
	Date-Added = {2015-11-25 01:01:38 +0000},
	Date-Modified = {2015-11-25 01:01:38 +0000},
	Journal = {Bioinformatics},
	Number = {18},
	Pages = {3686--3687},
	Publisher = {Oxford Univ Press},
	Title = {simuPOP: a forward-time population genetics simulation environment},
	Volume = {21},
	Year = {2005}}

@book{Peng2012,
	Author = {Peng, B. and Kimmel, M. and Amos, C.L.},
	Date-Added = {2015-11-25 01:01:38 +0000},
	Date-Modified = {2015-11-25 01:01:38 +0000},
	Publisher = {Hoboken, Wiley-Blackwell},
	Title = {Forward-Time Population Genetics Simulations: Methods, Implementation, and Applications},
	Year = {2012}}

@book{Beals1945,
	Author = {Beals, R.L. and Brainerd, G.W. and Smith, W. and Hack, J.T. and Jones, V.H.},
	Date-Added = {2012-05-18 18:24:02 +0000},
	Date-Modified = {2012-05-18 18:24:02 +0000},
	Publisher = {University of California press},
	Title = {Archaeological Studies in the Northeast Arizona},
	Year = {1945}}

@book{Diestel2010a,
	Address = {Heidelberg},
	Author = {Diestel, R.},
	Owner = {mark},
	Publisher = {Springer-Verlag},
	Timestamp = {2015.10.26},
	Title = {Graph Theory, 4th Edition},
	Year = {2010}}

@book{Ewens2004,
	Author = {Ewens, Warren J},
	Date-Added = {2010-02-16 14:44:38 -0800},
	Date-Modified = {2012-09-09 19:34:12 +0000},
	Edition = {2nd},
	Publisher = {New York, Springer},
	Title = {Mathematical Population Genetics, Volume 1: Theoretical Introduction},
	Year = {2004}}

@book{Harary1969,
	Address = {Reading},
	Author = {Harary, F.},
	Owner = {mark},
	Publisher = {Addison-Wesley},
	Timestamp = {2015.10.26},
	Title = {Graph Theory},
	Year = {1969}}

@article{Holme2012,
	__Markedentry = {[mark:6]},
	Author = {Holme, Petter and Saram{\"a}ki, Jari},
	Date-Added = {2014-06-25 18:10:36 +0000},
	Date-Modified = {2014-06-25 18:10:36 +0000},
	Journal = {Physics reports},
	Number = {3},
	Owner = {mark},
	Pages = {97--125},
	Publisher = {Elsevier},
	Timestamp = {2015.10.26},
	Title = {Temporal networks},
	Volume = {519},
	Year = {2012}}

@book{Lewontin1974,
	Author = {Lewontin, Richard},
	Date-Modified = {2010-02-16 14:42:13 -0800},
	Publisher = {Columbia University Press},
	Title = {The Genetic Basis of Evolutionary Change},
	Year = {1974}}

@article{Lipo1997,
	Author = {Lipo, Carl and Madsen, Mark and Dunnell, Robert and Hunt, Tim},
	Date-Modified = {2010-02-15 15:09:52 -0800},
	Journal = {Journal of Anthropological Archaeology},
	Number = {4},
	Pages = {33},
	Title = {Population structure, cultural transmission, and frequency seriation},
	Volume = {16},
	Year = {1997}}

@incollection{Lyman2008,
	Author = {Lyman, R Lee},
	Booktitle = {Cultural Transmsision and Archaeology: Issues and Case Studies},
	Date-Added = {2010-02-15 12:39:02 -0800},
	Date-Modified = {2010-12-03 14:01:00 -0800},
	Editor = {O'Brien, M.J.},
	Pages = {10--20},
	Publisher = {SAA Press},
	Title = {Cultural Transmission in North American Anthropology and Archaeology, ca. 1895-1965},
	Year = {2008}}

@article{Neiman1995,
	Abstract = {INFERENCES FROM DECORATIVE DIVERSITY AND INTERASSEMBLAGE DISTANCE
	IN ILLINOIS WOODLAND CERAMIC ASSEMBLAGES Certain aspects of what
	archaeologists have traditionally called stylistic variation can
	be understood as the result of },
	Author = {F Neiman},
	Date-Added = {2010-02-19 10:37:51 -0800},
	Date-Modified = {2010-02-19 10:37:51 -0800},
	Journal = {American Antiquity},
	Local-Url = {file://localhost/Users/mark/Documents/Papers/1995/Neiman/Neiman1995%20American%20Antiquity%20Stylistic%20variation%20in%20evolutionary%20perspective.pdf},
	Month = jan,
	Pmid = {4554279650159543151related:b8OMUzYNND8J},
	Rating = {0},
	Title = {Stylistic variation in evolutionary perspective: Inferences from decorative diversity and {\ldots}},
	Uri = {papers://71F98059-1C2C-4D09-BE03-F4C0AB3F4A06/Paper/p23690},
	Url = {http://www.jstor.org/stable/282074},
	Year = {1995},
	Bdsk-File-1 = {YnBsaXN0MDDUAQIDBAUGJCVYJHZlcnNpb25YJG9iamVjdHNZJGFyY2hpdmVyVCR0b3ASAAGGoKgHCBMUFRYaIVUkbnVsbNMJCgsMDxJXTlMua2V5c1pOUy5vYmplY3RzViRjbGFzc6INDoACgAOiEBGABIAFgAdccmVsYXRpdmVQYXRoWWFsaWFzRGF0YV8Qji4uLy4uLy4uLy4uLy4uLy4uLy4uL1VzZXJzL21hcmsvRG9jdW1lbnRzL1BhcGVycy8xOTk1L05laW1hbi9OZWltYW4xOTk1IEFtZXJpY2FuIEFudGlxdWl0eSBTdHlsaXN0aWMgdmFyaWF0aW9uIGluIGV2b2x1dGlvbmFyeSBwZXJzcGVjdGl2ZS5wZGbSFwsYGVdOUy5kYXRhTxECgAAAAAACgAACAAAMTWFjaW50b3NoIEhEAAAAAAAAAAAAAAAAAAAAxbMf+EgrAAAArgngH05laW1hbjE5OTUgQW1lcmljYW4gI0FFMDlFMS5wZGYAAAAAAAAAAAAAAAAAAAAAAAAAAAAAAAAAAAAAAAAAAACuCeHG82x+AAAAAAAAAAD/////AAAJIAAAAAAAAAAAAAAAAAAAAAZOZWltYW4AEAAIAADFs5B4AAAAEQAIAADG887uAAAAAQAYAK4J4AALo+0AC6O/AAtRIQAKjJgAAH0NAAIAVE1hY2ludG9zaCBIRDpVc2VyczptYXJrOkRvY3VtZW50czpQYXBlcnM6MTk5NTpOZWltYW46TmVpbWFuMTk5NSBBbWVyaWNhbiAjQUUwOUUxLnBkZgAOAKQAUQBOAGUAaQBtAGEAbgAxADkAOQA1ACAAQQBtAGUAcgBpAGMAYQBuACAAQQBuAHQAaQBxAHUAaQB0AHkAIABTAHQAeQBsAGkAcwB0AGkAYwAgAHYAYQByAGkAYQB0AGkAbwBuACAAaQBuACAAZQB2AG8AbAB1AHQAaQBvAG4AYQByAHkAIABwAGUAcgBzAHAAZQBjAHQAaQB2AGUALgBwAGQAZgAPABoADABNAGEAYwBpAG4AdABvAHMAaAAgAEgARAASAHlVc2Vycy9tYXJrL0RvY3VtZW50cy9QYXBlcnMvMTk5NS9OZWltYW4vTmVpbWFuMTk5NSBBbWVyaWNhbiBBbnRpcXVpdHkgU3R5bGlzdGljIHZhcmlhdGlvbiBpbiBldm9sdXRpb25hcnkgcGVyc3BlY3RpdmUucGRmAAATAAEvAAAVAAIAC///AACABtIbHB0eWiRjbGFzc25hbWVYJGNsYXNzZXNdTlNNdXRhYmxlRGF0YaMdHyBWTlNEYXRhWE5TT2JqZWN00hscIiNcTlNEaWN0aW9uYXJ5oiIgXxAPTlNLZXllZEFyY2hpdmVy0SYnVHJvb3SAAQAIABEAGgAjAC0AMgA3AEAARgBNAFUAYABnAGoAbABuAHEAcwB1AHcAhACOAR8BJAEsA7ADsgO3A8IDywPZA90D5APtA/ID/wQCBBQEFwQcAAAAAAAAAgEAAAAAAAAAKAAAAAAAAAAAAAAAAAAABB4=},
	Bdsk-Url-1 = {http://www.jstor.org/stable/282074}}

@article{Wright1943,
	Author = {Wright, Sewall},
	Date-Added = {2010-05-24 14:33:16 -0700},
	Date-Modified = {2012-05-21 05:42:56 +0000},
	Journal = {Genetics},
	Pages = {114--137},
	Title = {Isolation by Distance},
	Volume = {28},
	Year = {1943}}
