%% This BibTeX bibliography file was created using BibDesk.
%% http://bibdesk.sourceforge.net/


%% Created for Mark Madsen at 2014-12-12 12:58:44 -0800 


%% Saved with string encoding Unicode (UTF-8) 



@article{Lipo1997,
	Author = {Lipo, Carl and Madsen, Mark and Dunnell, Robert and Hunt, Tim},
	Date-Added = {2014-12-12 20:58:19 +0000},
	Date-Modified = {2014-12-12 20:58:19 +0000},
	Journal = {Journal of Anthropological Archaeology},
	Number = {4},
	Pages = {33},
	Title = {Population structure, cultural transmission, and frequency seriation},
	Volume = {16},
	Year = {1997}}

@book{Lipo2001b,
	Address = {Oxford},
	Author = {Lipo, Carl P.},
	Date-Added = {2014-12-12 20:58:16 +0000},
	Date-Modified = {2014-12-12 20:58:16 +0000},
	Publisher = {British Archaeological Reports, International Series, no. 918},
	Title = {Science, Style and the Study of Community Structure: An Example from the Central Mississippi River Valley},
	Year = {2001}}
