%% This BibTeX bibliography file was created using BibDesk.
%% http://bibdesk.sourceforge.net/

%% Created for Mark Madsen at 2016-07-02 11:45:29 -0700 


%% Saved with string encoding Unicode (UTF-8) 



@incollection{Madsen2015SemanticAxelrod,
	Author = {Madsen, Mark E. and Lipo, Carl P.},
	Booktitle = {Learning Strategies and Cultural Evolution during the Palaeolithic},
	Date-Added = {2015-05-06 15:23:03 +0000},
	Date-Modified = {2015-05-06 15:23:03 +0000},
	Doi = {10.1007/978-4-431-55363-2_6},
	Editor = {Mesoudi, Alex and Aoki, Kenichi},
	Isbn = {978-4-431-55362-5},
	Keywords = {Structured trait model; Axelrod model; Unbiased transmission; Knowledge prerequisites; Cumulative cultural transmission},
	Language = {English},
	Pages = {67-83},
	Publisher = {Springer Japan},
	Series = {Replacement of Neanderthals by Modern Humans Series},
	Title = {Behavioral Modernity and the Cultural Transmission of Structured Information: The Semantic Axelrod Model},
	Url = {http://dx.doi.org/10.1007/978-4-431-55363-2_6},
	Year = {2015},
	Bdsk-Url-1 = {http://dx.doi.org/10.1007/978-4-431-55363-2_6}}

@incollection{madsen92,
	Author = {Madsen, M.E.},
	Booktitle = {Deciphering a Northwest Coast Shell Midden: Geoarchaeological Approaches to Site Formation},
	Date-Added = {2013-06-04 21:59:47 +0000},
	Date-Modified = {2013-06-04 21:59:47 +0000},
	Editor = {Stein, J.K.},
	Publisher = {Academic Press},
	Title = {Lithic Manufacturing at British Camp: Evidence from Size Distributions and Microartifacts},
	Year = {1992}}

@incollection{madsen94,
	Author = {Madsen, M.E.},
	Booktitle = {Ohio Hopewell Community Patterning},
	Date-Added = {2013-06-04 21:59:47 +0000},
	Date-Modified = {2013-06-04 21:59:47 +0000},
	Editor = {Dancey, W.S. and Pacheco, P.J.},
	Pages = {85--104},
	Publisher = {Kent State University Press},
	Title = {Problems and Solutions in the Study of Dispersed Communities},
	Type = {Book Section},
	Year = {1994}}

@incollection{Lipo2000,
	Address = {Westport, Connecticut},
	Author = {Lipo, Carl and Madsen, Mark},
	Booktitle = {Style and Function: Conceptual Issues in Evolutionary Archaeology},
	Date-Added = {2013-06-04 21:59:47 +0000},
	Date-Modified = {2013-06-04 21:59:47 +0000},
	Editor = {Hurt, Teresa D and Rakita, Gordon F M},
	Pages = {91-118},
	Publisher = {Bergin and Garvey},
	Title = {Neutrality, "style," and drift: Building methods for studying cultural transmission in the archaeological record},
	Year = {2000}}

@incollection{madsen2001,
	Author = {Madsen, Mark E.},
	Booktitle = {Posing Questions for a Scientific Archaeology},
	Date-Added = {2013-06-04 21:59:47 +0000},
	Date-Modified = {2013-06-04 21:59:47 +0000},
	Editor = {Hunt, T.L. and Lipo, C.P. and Sterling, S.},
	Pages = {279--304},
	Publisher = {Bergin and Garvey},
	Title = {Evolutionary Bet-Hedging and the Hopewell Cultural Climax},
	Year = {2001}}
