%% This BibTeX bibliography file was created using BibDesk.
%% http://bibdesk.sourceforge.net/

%% Created for Mark Madsen at 2016-07-02 11:45:37 -0700 


%% Saved with string encoding Unicode (UTF-8) 



@inproceedings{madsen2016d,
	Author = {Madsen, M.E.},
	Booktitle = {Invited lecture in the EVoS Seminar Series, Binghamton University, Binghamton, NY},
	Date-Added = {2016-06-15 19:31:36 +0000},
	Date-Modified = {2016-06-15 19:32:52 +0000},
	Title = {The Science of Change: What Does It Take to Measure Cultural Transmission at Large Scales?},
	Year = {March 2016}}

@inproceedings{madsen2016b,
	Author = {Madsen, M.E.},
	Booktitle = {Paper presented at the 28th Annual Meeting of the Human Behavior and Evolution Society, Vancouver, WA},
	Date-Added = {2016-06-15 19:30:35 +0000},
	Date-Modified = {2016-06-15 19:31:11 +0000},
	Title = {Computational Methods for Identifying Metapopulation Interaction Patterns From Seriation Solutions},
	Year = {2016}}

@inproceedings{lipomadsen2016c,
	Author = {Lipo, C.P. and Madsen, M.E.},
	Booktitle = {Paper presented at the 28th Annual Meeting of the Human Behavior and Evolution Society, Vancouver, WA},
	Date-Added = {2016-06-15 19:29:15 +0000},
	Date-Modified = {2016-06-15 19:30:29 +0000},
	Title = {Continuity-based approaches and the study of patterns of cultural inheritance},
	Year = {2016}}

@inproceedings{madsenlipo2016a,
	Author = {Madsen, M.E. and Carl P. Lipo},
	Booktitle = {Paper presented at the 81st Annual Meeting of the Society for American Archaeology, Orlando, FL},
	Date-Added = {2016-06-15 19:25:47 +0000},
	Date-Modified = {2016-06-15 19:26:46 +0000},
	Title = {Measuring Cultural Relatedness Using Multiple Seriation Ordering Algorithms},
	Year = {2016}}

@inproceedings{madsenlipo2015b,
	Author = {Madsen, M.E. and Carl P. Lipo},
	Booktitle = {Paper presented at the 80th Annual Meeting of the Society for American Archaeology, San Francisco, CA},
	Date-Added = {2015-04-19 18:17:58 +0000},
	Date-Modified = {2015-07-08 21:59:53 +0000},
	Title = {An Approach to Fitting Transmission Models to Seriations for Regional-Scale Analysis},
	Year = {2015}}

@inproceedings{madsenlipo2015a,
	Author = {Madsen, M.E. and Carl P. Lipo},
	Booktitle = {Paper presented at the 80th Annual Meeting of the Society for American Archaeology, San Francisco, CA},
	Date-Added = {2015-04-19 18:16:34 +0000},
	Date-Modified = {2015-04-19 18:17:56 +0000},
	Title = {Tools for Transparency and Replicability of Simulation in Archaeology},
	Year = {2015}}

@inproceedings{madsenlipo2014b,
	Author = {Mark E. Madsen and Carl P. Lipo},
	Booktitle = {Paper presented at the 79th Annual Meeting of the Society for American Archaeology, Austin TX},
	Date-Added = {2014-04-26 16:09:44 +0000},
	Date-Modified = {2016-06-15 19:34:49 +0000},
	Title = {Cultural Transmission of Structured Knowledge and Technological Complexity: The Axelrod Model Extended},
	Year = {2014}}

@inproceedings{madsen2012safi,
	Author = {Madsen, Mark E.},
	Booktitle = {Paper presented at the 77th Annual Meeting of the Society for American Archaeology, Memphis TN},
	Date-Added = {2013-06-05 15:39:11 +0000},
	Date-Modified = {2013-06-05 15:41:18 +0000},
	Title = {Improving the Fit Between Model and Data: Time-Averaging Effects on Unbiased Cultural Transmission},
	Year = {2012}}

@inproceedings{madsen88b,
	Author = {Madsen, Mark E.},
	Booktitle = {Paper presented at the 53rd Annual Meeting of the Society for American Archaeology},
	Date-Added = {2013-06-04 22:00:18 +0000},
	Date-Modified = {2013-06-04 22:00:18 +0000},
	Title = {Microdebitage Analysis of a Northwest Coast Shell Midden},
	Year = {1988}}

@inproceedings{madsen88a,
	Author = {Madsen, Mark E.},
	Booktitle = {Paper presented at the Northwest Anthropological Conferences, Tacoma WA},
	Date-Added = {2013-06-04 22:00:18 +0000},
	Date-Modified = {2013-06-04 22:00:18 +0000},
	Title = {Lithic Manufacturing in a Northwest Coast Shell Midden: The Grain-size Evidence},
	Year = {1988}}

@inproceedings{lipomadsen89,
	Author = {Lipo, Carl P. and Madsen, Mark E.},
	Booktitle = {Paper presented at the 1989 South Asian Conference, Madison WI},
	Date-Added = {2013-06-04 22:00:18 +0000},
	Date-Modified = {2013-06-04 22:00:18 +0000},
	Title = {Microartifacts and Macrointerpretations},
	Year = {1989}}

@inproceedings{madsendunnell89,
	Author = {Madsen, M.E. and Dunnell, R.C.},
	Booktitle = {Paper presented at the 54th Annual Meeting of the Society for American Archaeology},
	Date-Added = {2013-06-04 22:00:18 +0000},
	Date-Modified = {2013-06-04 22:00:18 +0000},
	Title = {The Role of Microartifacts in Deducing Land Use from Low Density Records in Plowed Surfaces},
	Year = {1989}}

@inproceedings{madsen92b,
	Author = {Madsen, Mark E.},
	Booktitle = {Paper presented at the 57th Annual Meeting of the Society for American Archaeology, Pittsburgh PA},
	Date-Added = {2013-06-04 22:00:18 +0000},
	Date-Modified = {2013-06-04 22:00:18 +0000},
	Title = {Contemporaneity and the Analysis of Archaeological Settlement Patterning: An Example from the Ohio Hopewell},
	Year = {1992}}

@inproceedings{lipomadsen1993a,
	Author = {Lipo, C.P. and Madsen, M.E.},
	Booktitle = {Paper presented at the 92nd Annual Meeting of the American Anthropological Association},
	Date-Added = {2013-06-04 22:00:18 +0000},
	Date-Modified = {2013-06-04 22:00:18 +0000},
	Title = {Global Reductions of Diversity in Subsistence Systems: A Darwinian Argument for a Conservationist Anthropology},
	Year = {1993}}

@inproceedings{madsenlipo93c,
	Author = {Madsen, Mark E. and Lipo, Carl P.},
	Booktitle = {Paper presented at the 1993 American Association of Anthropology meetings},
	Date-Added = {2013-06-04 22:00:18 +0000},
	Date-Modified = {2013-06-04 22:00:18 +0000},
	Title = {Units of Evolution within a Darwinian Approach to Anthropology: Definitions and Implications for the Subfields},
	Year = {1993}}

@inproceedings{madsenlipohunt1995c,
	Author = {Madsen, Mark E. and Lipo, Carl P. and Hunt, Timothy D.},
	Booktitle = {Paper presented at the 60th Annual Meeting for the Society for American Archaeology, Minneapolis MN},
	Date-Added = {2013-06-04 22:00:18 +0000},
	Date-Modified = {2013-06-04 22:00:18 +0000},
	Title = {Artifact Style Dynamics I: A Network Model of Cultural Transmission in Spatially Structured Populations},
	Year = {1995}}

@inproceedings{lipomadsenhunt1995b,
	Author = {Lipo, Carl P. and Madsen, Mark E. and Hunt, Timothy D.},
	Booktitle = {Paper presented at the 60th Annual Meeting for the Society for American Archaeology, Minneapolis MN},
	Date-Added = {2013-06-04 22:00:18 +0000},
	Date-Modified = {2013-06-04 22:00:18 +0000},
	Title = {Artifact Style Dynamics II: Deriving Seriation from a Network Model of Transmission},
	Year = {1995}}

@inproceedings{huntmadsenlipo1995a,
	Author = {Hunt, Timothy D. and Madsen, Mark E. and Lipo, Carl P.},
	Booktitle = {Poster presented at the 60th SAA Annual Meeting, Minneapolis MN},
	Date-Added = {2013-06-04 22:00:18 +0000},
	Date-Modified = {2013-06-04 22:00:18 +0000},
	Title = {Examining Cultural Transmission Using Frequency Seriation},
	Year = {1995}}

@inproceedings{lipomadsen96,
	Author = {Lipo, Carl P. and Madsen, Mark E.},
	Booktitle = {61st Annual Meeting of the Society for American Archaeology},
	Date-Added = {2013-06-04 22:00:18 +0000},
	Date-Modified = {2013-06-04 22:00:18 +0000},
	Title = {Problems and solutions in the study of social organization},
	Year = {1996}}

@inproceedings{lipomadsen1997,
	Author = {Lipo, Carl P. and Madsen, Mark E.},
	Booktitle = {62nd Annual Meeting for the Society for American Archaeology},
	Date-Added = {2013-06-04 22:00:18 +0000},
	Date-Modified = {2013-06-04 22:00:18 +0000},
	Title = {The Method Seriation: Explaining the Variability in the Frequencies of Types},
	Year = {1997}}

@inproceedings{cannonmadsenlipo98,
	Author = {Cannon, Michael D. and Madsen, Mark E. and Lipo, Carl P.},
	Booktitle = {Paper presented at the 63rd Annual Meeting of the Society for American Archaeology, Seattle},
	Date-Added = {2013-06-04 22:00:18 +0000},
	Date-Modified = {2013-06-04 22:00:18 +0000},
	Title = {Wasteful Behavior in Evolutionary and Ecological Perspective},
	Year = {1998}}

@inproceedings{lipomadsencannon98,
	Author = {Lipo, Carl P. and Madsen, Mark E. and Cannon, Michael D.},
	Booktitle = {Paper presented at the 63rd Annual Meeting of the Society for American Archaeology, Seattle},
	Date-Added = {2013-06-04 22:00:18 +0000},
	Date-Modified = {2013-06-04 22:00:18 +0000},
	Title = {When Will ``Wasteful'' Behavior Occur?},
	Year = {1998}}

@inproceedings{huntlipomadsen98,
	Author = {Hunt, Terry L and Lipo, Carl P. and Madsen, Mark E.},
	Booktitle = {Paper presented at the 63rd Annual Meeting of the Society for American Archaeology, Seattle},
	Date-Added = {2013-06-04 22:00:18 +0000},
	Date-Modified = {2013-06-04 22:00:18 +0000},
	Title = {The Flaws of Phylogeny as History: A Pacific Islands Case Study},
	Year = {1998}}

@inproceedings{madsenlipocannon98,
	Author = {Madsen, Mark E and Lipo, Carl P. and Cannon, Michael D.},
	Booktitle = {Poster presented at the 63rd Annual Meeting of the Society for American Archaeology, Seattle},
	Date-Added = {2013-06-04 22:00:18 +0000},
	Date-Modified = {2013-06-04 22:00:18 +0000},
	Title = {Building explanations for 'wasteful' behavior in the archaeological record},
	Year = {1998}}

@inproceedings{madsenlipo99b,
	Author = {Lipo, Carl P and Madsen, Mark E.},
	Booktitle = {Invited paper presented at the 64th Annual Meeting of the Society for American Archaeology, Chicago},
	Date-Added = {2013-06-04 22:00:18 +0000},
	Date-Modified = {2013-06-04 22:00:18 +0000},
	Title = {Keywords in Evolutionary Archaeology: Neutrality},
	Year = {1999}}

@inproceedings{madsenlipo99,
	Author = {Madsen, Mark E. and Lipo, Carl P.},
	Booktitle = {Invited paper presented at the 64th Annual Meeting of the Society for American Archaeology, Chicago},
	Date-Added = {2013-06-04 22:00:18 +0000},
	Date-Modified = {2013-06-04 22:00:18 +0000},
	Title = {Keywords in Evolutionary Archaeology: Fitness},
	Year = {1999}}

@inproceedings{lipomadsen2000,
	Author = {Lipo, Carl P and Madsen, Mark M},
	Booktitle = {Paper presented at the 66th Annual Meeting of the Society for American Archaeology},
	Date-Added = {2013-06-04 22:00:18 +0000},
	Date-Modified = {2013-06-04 22:00:18 +0000},
	Title = {Building Group Level Units in the Archaeological Record: An Example from the Mississippi River Valley},
	Year = {2000}}

@inproceedings{lipomadsen2001b,
	Author = {Lipo, Carl P. and Madsen, Mark E.},
	Booktitle = {Paper presented at the 66th Annual meeting of the Society for American Archaeology, New Orleans LA},
	Date-Added = {2013-06-04 22:00:18 +0000},
	Date-Modified = {2013-06-04 22:00:18 +0000},
	Title = {Organization},
	Year = {2001}}

@inproceedings{madsenlipohunt2001,
	Author = {Madsen, Mark E. and Lipo, Carl P. and Hunt, Timothy D.},
	Booktitle = {Paper presented at the 66th Annual Meeting of the Society for American Archaeology, New Orleans LA},
	Date-Added = {2013-06-04 22:00:18 +0000},
	Date-Modified = {2013-06-04 22:00:18 +0000},
	Title = {Cultural Elaboration, Life Histories, and Bet-Hedging Strategies in Unpredictable Environments},
	Year = {2001}}

@inproceedings{Madsen2008,
	Author = {Madsen, Mark E and Lipo, Carl P. and Bentley, R. Alexander},
	Booktitle = {Poster presented at the 73rd Annual Meeting of the Society for American Archaeology},
	Date-Added = {2013-06-04 22:00:18 +0000},
	Date-Modified = {2013-06-04 22:00:18 +0000},
	Title = {Explaining Seriation Patterns Through Network-Structured Cultural Transmission Models},
	Year = {2008}}

@unpublished{lipomadsen1993b,
	Author = {Lipo, Carl P. and Madsen, Mark E.},
	Date-Added = {2013-06-04 22:00:18 +0000},
	Date-Modified = {2013-06-04 22:00:18 +0000},
	Title = {The Evolutionary Biology of Ourselves: Unit Requirements and Organizational Change in United States History},
	Type = {Unpublished manuscript},
	Year = {1993}}
