%% This BibTeX bibliography file was created using BibDesk.
%% http://bibdesk.sourceforge.net/

%% Created for Mark Madsen at 2016-07-02 11:45:48 -0700 


%% Saved with string encoding Unicode (UTF-8) 



@unpublished{madsen2015equifinality,
	Author = {Mark E. Madsen},
	Date-Added = {2015-02-24 06:29:23 +0000},
	Date-Modified = {2015-02-24 06:30:31 +0000},
	Note = {Submitted},
	Title = {Can We Identify Transmission Bias Using Archaeological Data? A Machine Learning Approach to Equifinality},
	Year = {2015}}

@article{Madsen2012TA,
	Author = {Mark E. Madsen},
	Date-Added = {2014-04-26 13:12:33 +0000},
	Date-Modified = {2014-04-26 13:12:33 +0000},
	Eprint = {http://arxiv.org/abs/1204.2043},
	Journal = {ArXiv e-prints},
	Title = {Unbiased Cultural Transmission in Time-Averaged Archaeological Assemblages},
	Url = {http://arxiv.org/abs/1204.2043},
	Volume = {1204.2043},
	Year = {2012},
	Bdsk-Url-1 = {http://arxiv.org/abs/1204.2043}}
